2566 4576
134 373 195 436 322
234 369 438 424 cuscnrcnru
456 368 524 420 nun
541 367 752 421 unzeunnuu
770 364 1119 433 (xxxlv,8,19.14,4ot.

133 527 228 605 Magni
248 525 387 599 amicum,
408 542 494 604 quem
515 523 633 603 quidam
648 522 789 602 Polyclito
803 522 988 595 adscribunt,
1004 518 1116 583 cumis
1131 535 1191 581 cen·

132 621 196 675 tum
222 630 316 691 prope
341 609 425 672 annis
449 615 515 671 ante
535 608 635 682 luerit3
660 608 729 669 item
748 607 902 669 Alexandri
920 607 1110 668 renationem
1128 623 1192 685 quae

133 696 253 776 Delphis
270 704 381 758 sacrata
396 702 454 768 est,
470 694 590 755 Athenis
606 694 755 773 Satyrum3
774 701 902 755 turmam
917 691 1086 764 Alexandri,
1099 690 1131 751 in
1146 708 1192 770 qm

134 782 297 844 amicorum
317 781 380 842 eius
399 778 541 857 imagines
562 797 678 840 summa
693 778 826 840 omnium
842 776 1034 839 similitudine
1048 776 1192 856 expressit,

133 901 175 912 —
191 868 266 928 hanc
280 866 411 927 Metellus
426 865 593 925 llacedonia
612 864 729 926 subacta
748 863 896 925 transtulit
914 864 1045 924 Romam
1059 882 1118 936 —3
1134 859 1193 923 lect

81 964 112 1011 oe
134 960 162 1013 et
177 951 331 1032 quadrigas
346 950 506 1010 multorum
523 968 672 1028 generum.
699 949 858 1011 statuariae
869 949 923 1009 arti
933 947 1102 1028 plurimum
1112 944 1192 1007 tradi

134 1048 183 1098 tur
196 1035 355 1097 contulisse
370 1034 503 1113 capillum
518 1035 719 1113 exprimendo,
734 1034 829 1113 capita
840 1033 954 1094 minora
965 1031 1104 1093 lacieudo
1115 1048 1191 1110 quam

134 1120 254 1200 mitiqui,
270 1138 394 1198 corpora
410 1119 558 1196 graciliora
571 1119 759 1199 siccioraque,
773 1137 826 1198 per
838 1137 910 1198 quae
920 1116 1090 1197 proceritas
1101 1115 1190 1195 aigne

133 1225 200 1268 rum
212 1205 306 1266 maior
316 1204 470 1265 videretur.
492 1204 557 1264 Non
568 1204 800 1265 habetLatinum
811 1221 922 1264 nomeu
933 1202 1189 1282 symmeuiaquan

135 1290 354 1370 diligentissime
373 1289 529 1350 custodivit
547 1308 621 1350 nora
638 1290 802 1367 intactaque
820 1288 933 1350 ratione
948 1289 1111 1367 quadratas
1124 1294 1190 1350 vett·

134 1395 201 1438 rum
221 1383 347 1436 staturas
362 1374 567 1453 permutando,
582 1374 727 1453 vulgoque
742 1373 854 1436 dicebat
868 1373 904 1434 ah
920 1372 977 1433 illis
992 1373 1091 1435 lactes
1105 1371 1189 1452 quate

134 1470 236 1522 essent
250 1460 399 1532 homines,
420 1478 436 1519 a
453 1478 484 1519 se
499 1460 598 1538 quales
612 1459 777 1520 viderentur
792 1478 866 1520 esse.
896 1457 1041 1536 Propriae
1055 1457 1143 1520 huius
1156 1455 1189 1517 ri·

135 1547 240 1607 dentur
255 1564 322 1605 esse
336 1544 464 1622 argutiae
480 1563 603 1622 operum
615 1545 776 1605 custoditae
787 1544 816 1604 in
829 1541 961 1604 minimis
974 1541 1189 1622 quoquerchus.

82 1641 114 1691 (tu
135 1632 225 1693 Filios
246 1640 274 1691 et
299 1629 457 1708 discipulos
477 1629 591 1708 reliquit
608 1630 740 1691 laudatos
756 1629 880 1690 artifices
895 1628 1059 1707 Laippum,
1073 1626 1191 1699 Boeduu,

135 1717 188 1778 sed
209 1724 275 1777 ante
297 1733 400 1775 omnes
418 1714 626 1794 Euthycraten,
648 1732 824 1794 quamquam
844 1713 869 1775 is
885 1713 1082 1775 constantiam
1099 1712 1190 1792 potius

135 1802 263 1862 inritatus
283 1799 374 1878 patris
390 1817 477 1878 quam
493 1799 663 1878 elegantiam
678 1808 794 1860 austero
810 1798 912 1860 maluit
926 1816 1035 1876 genere
1051 1815 1140 1876 quam
1152 1797 1190 1857 iu·

135 1887 231 1947 cundo
247 1886 367 1964 plaeere.
390 1884 488 1962 ltaque
501 1885 611 1964 optime
622 1885 767 1963 expressit
776 1883 930 1944 Herculem
941 1881 1063 1962 llelphis
1075 1890 1105 1944 et
1114 1882 1190 1943 hlet-

135 1971 260 2031 andrum
280 1969 418 2049 Thespiis
438 1978 604 2031 renatorem
625 1977 655 2029 et
673 1969 817 2048 proelium
837 1975 987 2049 equestre,
1011 1967 1190 2029 simulacrum

135 2057 234 2136 ipsum
244 2053 408 2134 Trophonii
423 2054 459 2115 ad
475 2055 634 2128 oraculum,
650 2055 806 2133 quadrigas
821 2053 997 2132 complures,
1011 2070 1124 2133 equum
1134 2067 1191 2115 cum

170 2191 211 2240 ot.
224 2189 363 2256 Polyclito,·
374 2190 577 2240 wuhrseheinlich
589 2206 642 2240 war
687 2192 799 2256 sarmit,
811 2189 939 2256 allegatum
951 2189 1138 2242 Aleemrdrum
1149 2191 1190 2239 im

135 2258 224 2324 Heph,
236 2258 285 2306 wie
295 2258 356 2336 nef-h
369 2257 519 2322 Alexander,
537 2257 576 2306 als
589 2258 640 2307 Do·
693 2257 966 2341 pemmseanmppo.
975 2295 982 2306 .
992 2263 1124 2310 uteorum
1133 2271 1191 2376 a

136 2328 261 2444 {lllll
271 2325 397 2458 llll-tt
411 2325 510 2442 lltll
522 2327 542 2441 1⁶
544 2341 573 2459 {i
589 2324 641 2442 lh
693 2325 1190 2462 lh⁷t“thlt⁸‘taltltthlrati

136 2461 159 2513 V
162 2463 242 2512 ulcan.
260 2461 442 2512 Alexander..
457 2462 539 2512 ederit
548 2499 567 2511 ..
581 2465 640 2528 quia
693 2462 859 2513 aimih'tadtee
865 2462 1021 2527 figurarum
1026 2463 1133 2528 faceret
1145 2464 1189 2520 sta·

136 2548 212 2600 saepe
222 2529 292 2581 selus
301 2529 640 2598 earulelligiemll'clycletus
695 2530 1189 2598 emsatrpstosquoqeetumurpoaeru

136 2599 317 2650 acreduceret.
382 2611 385 2617 '
613 2639 618 2644 .
728 2598 769 2647 05.
797 2601 964 2664 syrnmetm‘u,
990 2597 1085 2649 Vitruv
1109 2599 1133 2646 in
1155 2597 1190 2645 der

169 2667 272 2736 Delphis
292 2696 327 2703 -
347 2672 399 2729 eat,
429 2683 478 2716 von
507 2667 638 2718 Reateros.
693 2667 836 2716 Lehrevon
854 2660 1189 2731 denProportionen3,1,2

136 2735 202 2786 Plut.
219 2734 294 2784 Alex.
312 2735 343 2784 40
361 2737 442 2784 τοῦτο
460 2731 491 2784 τὸ
509 2731 640 2802 κυνήγιον
693 2735 831 2797 gebraucht
843 2733 916 2783 delur
927 2749 1093 2785 ccairneuaua
1112 2731 1189 2796 (Plu)

136 2799 280 2871 Κρατερὸς
301 2805 340 2858 εἰς
357 2798 487 2871 Δελφοὺς
505 2797 640 2866 ἀνέθηκεν
690 2804 893 2871 proportionum.

136 2867 246 2926 εἰκόνας
260 2871 367 2936 χαλκᾶς
385 2863 575 2934 ποιησάμενος
590 2870 639 2918 τοῦ
727 2875 841 2921 ceterum
864 2869 888 2934 ξ.
906 2869 947 2919 56.
981 2869 1059 2920 Diese
1087 2865 1190 2921 Urlhelle

136 2940 247 2993 λέοντος
260 2940 315 2997 (deu
328 2939 400 2987 Alex,
414 2937 495 2997 erlegt
506 2936 582 2999 hatte)
593 2937 639 2986 καὶ
694 2939 790 3004 schiiplt
806 2938 843 2988 Pl.
856 2954 901 2987 aus
914 2937 1011 3001 Varro,
1029 2939 1076 2988 der
1091 2935 1190 3001 griechi-

135 3005 298 3055 redurescit}
315 3004 361 3052 καὶ
378 3003 427 3051 τοῦ
444 3003 578 3065 βασιλέως
602 3005 640 3070 τῷ
693 3007 768 3055 sehen
782 3005 887 3069 Quelleu
900 3005 987 3069 lolgte.

135 3064 640 3123 λέοντισυνεστῶτοςκαὶιιὺτοῦποοσ-
726 3076 847 3137 argutiae
869 3073 1069 3138 „Feinhe'ten“‚
1095 3072 1127 3124 10
1157 3071 1185 3121 85

135 3139 308 3205 βοηθοῦντος
320 3125 359 3187 ὧν
374 3132 406 3185 τὰ
417 3135 470 3204 μὲν
481 3119 641 3196 Λύσηῖπος
665 3185 668 3190 ,
693 3139 733 3204 35,
747 3140 787 3189 hl.
805 3141 860 3190 lli.
902 3091 1058 3260 W
1076 3104 1224 3200 Μ

56 3218 60 3224 ·
137 3205 242 3257 ἔπλασε
258 3201 291 3254 τὰ
305 3203 334 3255 δὲ
348 3198 504 3271 Λεωχάρης
517 3205 626 3268 (aqam.
727 3209 767 3257 titi,
787 3214 905 3259 constant
968 3172 1193 3272 „liiihnheitflwie

171 3279 284 3324 tumeam
300 3301 335 3309 —
352 3272 473 3335 licerium,
498 3273 529 3322 25
554 3274 640 3324 lleiter
693 3275 1067 3339 9,84mures..ecnatarttr'ae
1076 3278 1194 3327 maiorm:

136 3341 241 3406 (arrian
260 3339 388 3405 l,16,i),
426 3340 540 3405 Vellejus
561 3341 584 3405 l,
609 3343 636 3392 11
691 3359 830 3412 pmcuasae
846 3345 1086 3410 trtdeutesemmae
1102 3342 1194 3395 armili-

135 3412 180 3462 He'e
200 3415 239 3461 est
259 3408 375 3460 Metellus
397 3408 575 3460 lllucedem'eur
596 3414 641 3476 qui
692 3417 778 3475 antem,
791 3414 1163 3478 atserm'nuietearmresugit.

134 3483 248 3548 porticus
273 3493 336 3543 quae
360 3479 438 3541 suere
465 3478 639 3528 circumdatae
730 3479 844 3548 Thespiis
866 3482 890 3529 in
906 3481 1010 3531 Bo'otien
1029 3497 1070 3530 am
1082 3480 1193 3531 llelilion.

135 3549 235 3599 duabus
258 3546 363 3596 acutius
391 3547 445 3594 sinc
473 3547 639 3614 iusertptr'nae
692 3547 738 3597 Die
755 3548 878 3614 Thespier
895 3564 978 3598 waren
994 3550 1071 3598 schoa
1089 3548 1140 3597 335
1158 3547 1194 3597 hei

133 3619 226 3683 positis
243 3630 307 3679 quae
324 3629 391 3663 aterne
405 3612 522 3663 Octaviae
532 3617 639 3681 portici-
692 3617 737 3664 der
747 3616 904 3680 Belagerung
915 3633 965 3666 von
974 3617 1077 3666 Theben
1087 3616 1195 3666 Alexan·

135 3687 182 3733 due
193 3685 340 3732 arnhirmlur
355 3683 456 3744 fecerat
470 3684 559 3748 quique
568 3680 639 3732 'liarrc
692 3685 750 3733 ders
763 3686 996 3747 Bundcsgenosseu.

135 3757 248 3802 turmam
291 3755 439 3800 statuarum
483 3754 638 3814 equestrium
724 3754 845 3818 tpcacrud.
859 3754 932 3802 hdie
946 3753 1034 3803 Statue
1048 3753 1093 3802 des
1107 3751 1194 3803 Gottcs

136 3836 200 3885 quae
203 3821 324 3883 frontem
338 3819 440 3868 aedium
452 3821 580 3884 spectarit,
593 3820 637 3869 ho-
692 3821 773 3870 selhst
786 3837 840 3874 auin
855 3820 1036 3871 Unterschiede
1050 3837 1101 3870 von
1118 3820 1194 3870 weni-

134 3888 223 3952 rh'eque
233 3890 377 3936 rreamincum
394 3890 571 3936 accrementum
583 3890 637 3936 eius
691 3903 737 3949 ger
750 3888 927 3952 hedeutenden,
940 3889 989 3939 ,urie
1003 3887 1044 3952 36,
1056 3888 1098 3938 26.

133 3955 192 4016 loci,
211 3970 246 4004 ere
262 3954 412 4006 Macedonia
434 3955 492 4015 (aus
505 3953 580 4015 Dion)
594 3955 637 4003 de·
729 3954 868 4023 Trophonii
878 3956 912 4006 ad
923 3956 1058 4007 oraculum
1071 3971 1104 4006 au
1117 3957 1194 4007 ciuem

135 4023 205 4084 tulit3
216 4024 289 4073 euicto
300 4023 637 4073 turenaahmrccausemre-
692 4023 770 4086 Berge
790 4024 829 4072 hei
846 4023 962 4073 Lebadea
984 4024 1008 4073 in
1022 4025 1138 4088 lliiotien,
1156 4021 1193 4087 33,
