2566 4576
131 377 193 440 scr
287 375 492 428 cuscmcnrn
511 374 576 427 nna
595 363 732 427 mutnet
749 371 1026 439 (xxrx‚1,1-s).

81 544 112 596 16
133 550 237 613 genera
256 549 329 592 usus
350 531 395 592 sui
416 531 589 611 digeremus.
624 530 690 592 Nun
709 547 773 591 rem
797 528 907 609 antiqui
932 527 1114 590 damnabant
1134 529 1184 591 sed

130 628 231 691 artem,
247 617 374 678 maxime
386 635 455 678 verc
470 625 624 697 quaestum
638 635 704 677 esse
722 613 896 694 manipretio
912 615 988 676 vitae
1002 614 1183 676 remrsahant

131 703 199 764 ldec
219 703 362 782 templum
377 701 554 782 Aesculapii,
574 702 661 763 etiam
682 718 748 764 cum
762 701 940 780 reciperetur
956 699 983 762 is
999 700 1088 772 deus,
1109 708 1184 762 extra

131 788 232 849 urbem
253 787 355 849 iecisse
375 789 538 867 iterumque
557 787 588 849 in
608 787 702 849 insula
726 787 881 848 traduntur
906 793 948 860 et,
972 804 1041 847 cum
1062 785 1184 847 Graecus

131 874 208 935 ltalia
227 873 367 953 pellerent
385 874 435 936 ‹liu
455 881 525 953 post
544 872 699 945 Catonem,
723 872 874 951 excepisse
893 870 1034 932 medicus.
1070 871 1184 950 hugehu

81 971 110 1021 17
132 958 343 1039 providentiam
363 959 493 1020 illorum:
518 958 612 1020 sclam
634 958 711 1019 hanc
733 957 839 1018 artium
858 957 1033 1018 Graecarum
1053 957 1185 1019 nondum

132 1052 244 1105 exercet
262 1044 395 1105 Romana
414 1044 537 1123 gravitas
560 1043 591 1104 in
610 1051 691 1104 tanto
711 1042 819 1116 lructu,
838 1041 996 1115 Quiritium
1016 1040 1186 1122 paucissimi

131 1129 251 1208 attigere
265 1137 294 1190 et
308 1129 365 1208 ipsi
381 1130 478 1190 statim
493 1129 530 1190 ad
546 1125 671 1190 Graecos
687 1130 869 1207 transfugae,
889 1128 980 1189 immo
1000 1146 1071 1190 reru
1087 1135 1184 1189 aucte

131 1214 203 1276 ritas
220 1214 300 1275 aliter
315 1233 403 1294 quam
419 1215 528 1276 Graece
542 1233 605 1275 eam
625 1213 815 1275 tractantibus
830 1213 914 1274 etiam
935 1213 1012 1293 aputl
1033 1213 1184 1293 imperitas

131 1308 322 1380 expertesque
342 1300 456 1380 linguae
469 1318 531 1361 nun
546 1309 604 1375 est,
623 1318 658 1360 ac
673 1300 770 1360 minus
790 1299 912 1360 credrmt
925 1317 1000 1378 quae
1014 1299 1053 1361 ad
1068 1299 1184 1360 salutem

132 1402 216 1446 suam
228 1385 384 1465 pertinent,
401 1387 426 1447 si
441 1385 607 1463 intelligant
638 1384 737 1464 ltaque
753 1385 874 1446 llercule
888 1383 918 1444 in
933 1384 990 1444 hac
1000 1384 1112 1446 artium
1128 1384 1184 1445 sch

133 1471 229 1532 evenit
248 1480 280 1532 ut
294 1471 467 1551 cuicumque
486 1470 575 1531 mode
594 1489 657 1530 rem
675 1472 812 1549 prulessc
832 1469 930 1531 statim
951 1469 1104 1543 credatur,
1123 1488 1185 1531 cum

81 1567 111 1617 18
133 1557 171 1618 sit
184 1557 346 1638 periculum
366 1557 395 1617 in
411 1557 490 1617 nullo
507 1555 657 1617 mendacio
678 1555 780 1616 maius.
809 1554 877 1616 Non
891 1565 988 1617 tamen
1007 1555 1079 1616 illud
1093 1555 1184 1616 intue

132 1660 207 1714 mur,
223 1642 296 1704 adeo
307 1641 413 1703 blanda
424 1651 469 1704 est
480 1642 616 1722 sperandi
631 1659 686 1721 pm
699 1660 730 1702 se
742 1640 846 1720 cuique
857 1640 997 1714 dulced03
1011 1640 1092 1702 nulla
1103 1659 1184 1720 prae

131 1738 209 1790 terea
222 1728 267 1788 lex
282 1745 355 1807 quae
369 1728 470 1808 puniat
484 1727 676 1800 inscientiam,
693 1726 814 1805 capitale
824 1725 936 1786 nullmn
947 1727 1115 1806 exemplum
1125 1725 1184 1786 rin·

133 1813 235 1885 (lictae,
251 1813 368 1874 discunt
384 1812 519 1892 periculis
533 1812 644 1873 nostris
657 1821 687 1874 et
697 1811 893 1890 experimenta
902 1828 957 1889 per
966 1816 1081 1872 mortes
1091 1819 1183 1891 agunt,

132 1898 304 1977 medicoque
325 1906 438 1959 tantum
465 1898 616 1958 huminem
637 1897 781 1958 occidisse
808 1896 966 1975 impunitas
991 1914 1111 1958 summa
1133 1904 1182 1970 est,

133 1983 202 2062 quin
219 1982 310 2043 imma
326 1983 431 2044 transit
445 1983 602 2043 convitium
618 1990 647 2042 et
660 1981 881 2061 intemperantia
896 1981 1040 2059 culpatur,
1055 1982 1184 2062 ultroque

132 2068 183 2146 qui
197 2067 310 2145 periere
324 2068 494 2145 arguuntur.
525 2066 583 2128 Sed
603 2067 735 2128 decuriae
749 2086 804 2147 pro
826 2085 910 2127 more
930 2067 1064 2128 censuris
1079 2066 1183 2147 priuci-

132 2169 204 2229 pum
217 2151 428 2224 examinantur,
445 2151 594 2230 inquisitio
607 2170 660 2230 per
669 2152 797 2230 parietes
808 2153 903 2230 agitur
917 2160 946 2212 et
955 2153 1007 2231 qui
1018 2153 1056 2213 de
1066 2171 1183 2214 nummu

133 2235 239 2296 iudicet
253 2255 269 2296 a
285 2235 413 2296 Gadibus
429 2236 631 2316 columnisque
645 2237 777 2297 Herculis
792 2237 957 2312 arcessitur,
968 2237 1006 2298 de
1020 2238 1107 2300 exilio
1119 2256 1182 2300 rem

168 2404 207 2455 tc.
239 2407 404 2475 manipretio,
427 2405 484 2457 Ahl.
509 2406 633 2472 instrum,
685 2405 1134 2474 ltubhpellendirsenutaoeccnsulta.

132 2475 177 2525 das
190 2474 316 2539 Huncrar,
336 2475 445 2525 welches
461 2474 503 2525 mr
515 2475 570 2526 eine
582 2475 634 2526 ilr-
721 2475 759 2524 li.
776 2477 804 2524 in
815 2477 963 2541 -sructu,
985 2475 1100 2540 cbgleich
1112 2476 1149 2527 sie
1160 2490 1183 2526 sc

131 2543 195 2607 heit,
215 2543 270 2594 hier
286 2543 327 2594 liir
342 2545 386 2594 (las
402 2544 531 2594 erhaltene
547 2544 632 2595 Lehcn
685 2543 833 2606 eintriiglich
846 2544 888 2594 ist.
899 2572 934 2580 —
944 2544 1056 2611 latagum,
1069 2544 1183 2609 dergrie

131 2611 241 2676 gegeben
252 2613 324 2662 wird.
670 2611 811 2673 ,chischem
823 2640 857 2648 —
874 2612 1070 2679 simtella‘ganh
1094 2627 1184 2678 „wear

166 2680 238 2744 Ideo,
273 2681 328 2732 weil
362 2681 398 2731 sie
432 2681 471 2731 die
500 2681 633 2731 lleilkunst
685 2679 867 2730 sicversteheu
880 2680 998 2731 scllteu“.
1022 2681 1057 2730 Sc
1076 2681 1184 2731 iuuahe·

132 2749 200 2799 nicht
221 2749 309 2812 gering
335 2750 477 2814 schiitzten,
504 2749 566 2799 aher
591 2750 631 2799 elie
685 2748 838 2798 stimmtercr
861 2747 1070 2813 Vcranssetzung
1098 2751 1124 2799 aa*
1144 2747 1184 2799 mil

131 2816 269 2880 Ausiihung
296 2817 383 2867 heines
407 2816 511 2867 llh‘mers
534 2817 632 2881 wiirelig
686 2817 741 2866 dem
753 2815 909 2880 Conjuuctiv.

131 2884 233 2933 hielten.
719 2884 838 2935 decuriae
854 2900 889 2934 sc.
906 2884 1027 2937 iudicatae
1053 2886 1100 2936 llie
1115 2885 1185 2936 llich-

165 2954 243 3000 etiam
253 2978 288 2988 -
299 2951 367 3016 dm,
381 2952 413 3000 im
425 2951 448 3001 J.
458 2950 507 3001 293
516 2967 541 3002 v.
552 2952 579 3002 C.
592 2952 631 3002 hei
686 2959 727 3002 ter
738 2931 866 3016 wilelon,
879 2954 929 3004 seit
938 2952 1052 3018 Caligula
1061 2955 1102 3005 (lic
1111 2954 1184 3004 letare

92 3018 96 3027 '
131 3019 202 3067 einer
213 3018 285 3080 Pest,
305 3018 351 3069 aul
359 3018 464 3069 Geheiss
476 3020 521 3068 der
533 3019 631 3086 sibylli-
686 3020 847 3085 hiuzugeliigt
858 3022 935 3086 hatte,
948 3021 1183 3073 in5Decuriencrl

131 3086 231 3135 nischen
243 3085 347 3136 Biichcr.
685 3087 875 3156 Ahthciluugen‚
887 3091 949 3140 uach
958 3091 1006 3139 den
1015 3090 1127 3141 Stimleu
1139 3089 1184 3141 und

163 3157 185 3203 it
292 3157 347 3205 ein
363 3154 459 3218 maun,
480 3154 530 3204 wie
546 3154 633 3205 lriiher
685 3157 741 3206 dem
758 3156 898 3221 Vermiigen
918 3159 1065 3224 presentem,
1087 3173 1184 3208 weraus

131 3221 177 3272 auf
193 3224 239 3272 der
271 3224 326 3273 asel
343 3221 391 3273 Cos
412 3223 549 3286 geschehen
569 3239 631 3274 wer,
685 3223 1184 3292 dieRichterl'cirjetlenProcessgenom·

131 3290 333 3356 liieTihcrinsel,
342 3290 499 3342 aufwelcher
508 3290 631 3342 derTcm·
684 3308 739 3342 men
751 3295 868 3355 wurden3
887 3295 938 3359 vgl.
951 3294 992 3358 33,
1005 3295 1069 3346 ten.
1101 3296 1139 3347 lla
1151 3295 1184 3346 sic

131 3360 172 3425 pel
182 3360 206 3409 iu
215 3359 277 3410 Rcm
287 3362 367 3424 stand,
379 3361 484 3423 gehiirte
494 3362 555 3410 nach
564 3361 633 3411 nicht
685 3359 716 3410 25
730 3360 805 3411 Jahre
817 3362 865 3427 alt,
878 3362 975 3427 Biirger
986 3364 1036 3413 und
1048 3364 1117 3414 nicht
1129 3364 1183 3414 ehr-

131 3444 162 3478 zu
175 3430 221 3478 der
232 3429 395 3494 eigcntlichen
409 3427 489 3479 stadt.
684 3429 723 3478 los
736 3429 789 3478 sein
801 3438 921 3495 mnesteu,
936 3433 1022 3483 hatten
1034 3433 1075 3482 (lie
1087 3429 1183 3496 liniter,

165 3515 222 3549 cum
233 3527 267 3535 —
275 3498 385 3548 medicos
402 3496 435 3560 (7,
451 3497 541 3560 tlte).
571 3497 631 3547 Hier
684 3497 729 3547 aul
737 3499 832 3548 welche
844 3499 884 3548 die
896 3499 1051 3550 Functionen
1064 3502 1110 3551 aler
1122 3500 1183 3550 Cen·

131 3568 186 3617 siml
199 3568 265 3617 nicht
274 3567 313 3616 die
325 3565 496 3630 griechischen
505 3565 630 3616 Rhetcreu
684 3581 758 3616 soren
782 3567 972 3631 iihergegnugen
994 3584 1095 3633 waren,
1131 3569 1183 3618 ciue

131 3633 631 3700 unaphilosopher,sonderndietlagier
685 3634 834 3699 scrgliiltige
862 3636 974 3700 Priilung
1000 3638 1070 3686 ihrer
1093 3638 1183 3702 lligeu·

131 3703 247 3765 gemeint,
260 3705 336 3752 deren
346 3702 443 3752 Lehren
456 3703 495 3752 die
506 3701 629 3753 Griecheu
683 3703 796 3753 schalteu
813 3704 978 3754 nnzustelleu.
1005 3721 1054 3774 per
1073 3709 1182 3774 parietes

130 3772 396 3833 angencmmenhatten
406 3770 540 3836 ece-10).
554 3771 629 3820 Diese
683 3771 769 3835 driugt
779 3772 819 3821 die
831 3772 1021 3838 Untersuchung
1036 3775 1060 3823 iu
1075 3775 1119 3824 elas
1129 3774 1181 3824 Pri·

130 3839 231 3887 wurden
255 3839 300 3889 mit
316 3840 362 3889 den
383 3841 548 3890 mathematici
569 3840 630 3888 oder
683 3839 812 3906 valleben,
836 3841 880 3890 (las
900 3845 970 3892 entra
987 3845 1102 3909 parietes
1123 3842 1181 3902 (Cic.

130 3906 268 3956 Chaldiieru
282 3907 321 3967 (zu
335 3907 361 3973 2,
375 3908 416 3971 23)
435 3909 467 3958 im
480 3909 502 3957 J,
518 3908 549 3957 16
564 3924 588 3957 u.
601 3906 628 3958 C.
682 3907 751 3957 Brut.
766 3907 789 3972 8)
803 3909 903 3971 geliihrt
912 3910 983 3959 wind,

129 3973 423 4039 ausltalieuvertriehen,
433 3976 554 4027 Taeaun.
562 3976 586 4038 2,
596 3975 628 4024 32
714 3976 746 4026 dc
756 3993 872 4043 nummo,
896 3978 1030 4039 sestertio,
1054 3979 1117 4029 iiber
1129 3980 1180 4029 eine

120 4045 236 4110 sactaet
250 4045 282 4095 de
296 4045 480 4096 mathematicis
496 4038 629 4110 stragisque
680 4041 841 4108 lileiuiglxeit
876 4049 1097 4099 a—arceeritur.
1133 4048 1179 4097 llas
