2566 4576
133 343 194 406 268
362 342 416 394 nm
434 327 666 410 unradumsux
685 341 795 407 (xxxi,
808 341 823 392 ι
824 342 957 407 Ἡι-ι)

81 510 175 560 17-
132 498 323 577 -navigare
337 497 483 573 noluerat,
504 499 643 578 quoniam
658 516 800 579 exspuere
814 498 846 559 in
859 497 950 559 maria
965 497 1089 578 aliisque
1103 517 1178 560 mor·

130 583 230 646 talium
250 583 473 645 necessitatibus
493 583 600 645 violare
624 592 757 646 naturam
776 602 840 646 eam
860 584 904 644 ias
923 601 986 646 non
1005 592 1178 681 putant,
1128 605 1177 629 -·

131 686 233 748 magos
253 687 352 730 seeum
372 669 543 743 adduxerat,
568 669 687 749 magieis
712 669 798 731 etiam
822 669 900 731 cenis
920 686 988 730 eum
1008 669 1178 732 initiaverat:

131 763 302 815 nontamen
318 773 384 816 oum
395 771 517 834 regnum
532 774 558 816 er
550 754 649 816 daret
659 756 736 817 bano
747 755 783 817 ab
794 773 829 816 eo
841 762 931 816 artem
943 753 1079 834 accipere
1090 756 1178 817 valuit

132 839 259 901 Proinde
277 840 314 901 ita
334 857 506 919 persuasum
527 839 576 913 sit,
597 840 805 914 intestabilem,
824 839 949 911 irritam,
970 839 1090 901 inanem
1109 859 1179 912 esse,

132 925 284 987 habentem
299 928 396 986 tumim
411 925 552 1003 quasdam
566 925 694 987 veritatis
709 925 840 998 umbras,
860 925 911 987 sed
933 924 964 986 in
978 923 1026 987 his
1043 927 1179 987 venetioas

132 1019 208 1072 artes
223 1009 332 1089 pollere
346 1026 407 1069 non
421 1009 556 1088 magicas.

551 1312 771 1380 (aucuxqu.

378 1402 438 1464 llll}
461 1400 723 1477 HEILQUELLEN
747 1400 875 1478 (22-
888 1400 934 1480 3).

97 1535 113 1584 t
217 1523 350 1586 Emioant
373 1523 499 1601 benigue
523 1523 690 1604 passimque
716 1521 746 1582 in
765 1521 897 1602 plurimis
917 1522 1019 1596 terris,
1041 1522 1115 1584 aliae
1133 1522 1179 1584 fri·

133 1608 227 1687 gidae,
255 1609 325 1671 aliae
345 1609 461 1682 calidae,
486 1609 555 1671 aliae
579 1608 695 1671 iunctae
713 1607 788 1669 sieut
805 1606 836 1668 in
856 1606 995 1669 Tarbellis
1015 1607 1180 1688 Aquitanica

133 1701 218 1772 gente
232 1702 260 1754 et
275 1695 306 1755 in
317 1694 472 1774 Pyrenaeis
484 1694 645 1765 montibus,
660 1693 739 1755 tenm
749 1691 895 1754 intervallo
907 1693 1101 1767 discernente,
1117 1693 1180 1755 aliae

133 1780 246 1859 tepidae
269 1778 450 1860 egelidaeque
474 1780 575 1842 auxilia
600 1779 773 1841 morborum
797 1778 966 1858 prolitentes
987 1785 1016 1839 et
1036 1799 1052 1839 e
1073 1779 1180 1840 eunetis

134 1864 306 1926 animalibus
320 1865 474 1926 hominum
488 1873 602 1926 tantum
618 1883 703 1926 eausa
723 1874 915 1943 erumpentes.
945 1863 1062 1942 lugent
1080 1882 1179 1926 nume-

133 1969 200 2011 rum
215 1950 337 2011 deorum
352 1949 521 2012 nominibus
536 1951 621 2012 variis
636 1949 781 2029 urbesque
797 1950 939 2021 condunt,
955 1947 1032 2010 sieut
1045 1949 1179 2012 Puteolos

134 2036 165 2095 in
176 2033 342 2113 Campania,
359 2034 498 2097 Statiellae
513 2035 544 2095 iu
555 2034 678 2114 Liguria,
695 2033 805 2095 Sextias
820 2033 851 2094 in
862 2033 1048 2097 Narbonensi
1063 2036 1180 2115 provin·

134 2119 189 2191 oia,
209 2137 353 2197 nusquam
372 2128 470 2180 tamen
491 2120 598 2198 largius
620 2139 707 2200 ᾳιιιιιι
728 2119 758 2179 in
773 2118 881 2181 baiano
902 2121 968 2180 sinu
982 2137 1037 2181 neo
1051 2119 1179 2201 pluribus

98 2217 112 2266 o
133 2202 286 2264 auxiliandi
301 2203 462 2282 generibus.
491 2204 569 2265 Aliae
589 2204 750 2283 sulphuris,
769 2203 838 2264 aliae
852 2203 1001 2278 aluminis,
1021 2205 1093 2268 aliae
1109 2205 1180 2278 salis,

135 2287 205 2349 aliae
219 2287 304 2362 nitri,
325 2289 394 2350 aliae
408 2289 575 2363 bituminis,
598 2289 752 2351 nonnullae
772 2289 858 2350 etiam
878 2289 957 2351 acida
976 2291 1088 2353 salsave
1109 2290 1179 2352 mir·

133 2382 208 2435 tura.
234 2374 347 2454 Vapore
358 2374 423 2455 ipso
436 2375 546 2455 aliquae
556 2382 690 2454 prosunt,
704 2381 840 2453 tantaque
851 2375 886 2435 iis
898 2385 943 2436 est
957 2376 1000 2436 ris
1012 2384 1045 2437 ut
1056 2377 1179 2438 balineas

134 2459 349 2522 calefacientes
368 2460 501 2541 frigidam
527 2461 611 2522 etiarn
632 2461 662 2522 iu
681 2459 763 2521 soliis
788 2461 896 2522 fervere
916 2470 1033 2539 cogant3
1058 2481 1132 2542 quae
1154 2461 1180 2523 in

133 2545 240 2608 baiano
260 2545 432 2608 Posidianae
452 2553 591 2609 vocantur
610 2545 728 2608 nomine
748 2552 865 2628 accepto
885 2565 902 2607 a
921 2546 1030 2608 Claudii
1051 2546 1179 2609 Caesaris

133 2632 235 2694 liberto
256 2633 381 2695 obsonia
400 2652 516 2713 quoque
539 2638 735 2713 percoquunt3
759 2638 898 2710 vaporant
918 2638 947 2692 et
969 2631 998 2692 iu
1020 2632 1094 2694 mari
1117 2633 1179 2712 ipso

135 2737 207 2796 quae
222 2717 322 2779 Licinii
338 2718 434 2780 Crassi
450 2720 537 2792 luere,
554 2719 722 2797 mediosque
737 2716 811 2778 inter
829 2717 933 2778 fluetus
950 2716 1063 2778 exsistit
1079 2717 1180 2798 aliquid

169 2856 208 2904 ll.
218 2857 326 2907 dareta.
338 2856 473 2907 aalaiteto.
482 2855 559 2906 Nero.
571 2855 631 2906 Also
719 2855 743 2904 li.
760 2854 905 2921 iaBae'aao,
917 2855 1006 2921 wiell,
1019 2856 1051 2906 27
1064 2857 1114 2906 und
1128 2855 1181 2920 168,

134 2924 165 2971 da
187 2925 266 2973 selbst
281 2923 407 2973 Tiridates
423 2922 491 2973 Nero
508 2923 576 2973 nieht
592 2923 632 2974 die
685 2922 743 2974 weil
759 2924 799 2973 die
815 2922 896 2973 lia'der
911 2924 1076 2974 lraiserliobes
1092 2925 1180 2989 Elpen-

134 2988 216 3052 Magis
228 2990 314 3039 lebren
326 2991 427 3050 lronnte,
440 2991 474 3039 ist
486 2990 522 3039 sie
532 2991 632 3054 niebtig.
685 2993 752 3041 thum
764 2991 897 3055 geworden
909 3006 1002 3041 waren.
1020 2992 1088 3044 Nero
1098 2993 1181 3043 wollte

166 3058 345 3122 intestabilem,
362 3029 502 3122 eigeirtlieb‚
518 3057 632 3108 derbem
685 3059 735 3108 alle
752 3058 881 3124 Quellen'
874 3075 898 3109 ιιι
914 3061 986 3109 einen
1002 3060 1124 3112 Rehdlter
1139 3077 1181 3110 zn-

63 3144 69 3155 ·
134 3124 257 3188 Zeugniss
277 3125 380 3188 ablegen
401 3125 451 3174 und
467 3124 524 3175 kein
541 3125 632 3176 Testa·
686 3127 884 3189 sammenleiton,
895 3128 940 3178 der
953 3128 1004 3178 siolr
1016 3145 1073 3180 vom
1085 3129 1181 3193 Vorge·

133 3200 201 3243 ment
212 3194 313 3244 maohen
325 3192 387 3259 dari,
399 3192 577 3256 daberebrlos,
589 3192 633 3243 ab·
686 3195 755 3258 birge
772 3193 894 3245 Misenum
910 3196 948 3245 bis
967 3212 1023 3246 zum
1038 3197 1087 3247 See
1103 3195 1182 3247 Aver-

134 3261 272 3323 sebeulieb3
290 3260 330 3328 28,
347 3261 377 3311 87
392 3261 631 3328 reliquatntestadi-
684 3279 730 3312 nus
754 3263 899 3314 erstroeken
923 3264 1011 3328 sollte,
1038 3265 1103 3315 iiber
1128 3266 1181 3316 eine

133 3330 168 3380 lia
168 3330 303 3396 ,iqfaeeda
432 3379 440 3386 ,
683 3331 779 3381 Stunde
793 3330 881 3395 Wegs,
894 3331 995 3383 Sueten.
1009 3349 1030 3383 e
1044 3333 1068 3383 3.

170 3400 193 3450 4.
218 3402 330 3461 iunctae,
348 3399 416 3448 kalte
433 3398 510 3450 neben
531 3399 629 3449 heissen
717 3415 784 3449 a—
800 3399 898 3450 liberto.
927 3400 1030 3451 Sueten.
1049 3400 1135 3453 Claud.
1150 3400 1181 3451 28

134 3469 246 3536 Quellen.
682 3468 832 3518 libertorum
846 3471 983 3537 praeripere
998 3474 1120 3538 suspexit
1135 3471 1182 3521 Po·

167 3536 352 3596 eaTardella's,
380 3537 419 3586 die
443 3551 520 3615 aquae
544 3541 630 3600 Augu·
683 3535 910 3604 atdeaapadoaem.

135 3615 188 3657 stae
206 3607 266 3655 oder
278 3604 436 3654 Tarbellicae
443 3605 486 3669 ,j.
499 3605 629 3671 Daoqsam
717 3621 833 3671 qaae-
800 3604 948 3667 -Crasai,
970 3606 1015 3655 des
1031 3605 1180 3657 Triumvirn.

134 3676 172 3725 Pl
186 3675 278 3724 Adour
684 3672 766 3726 lloraz
776 3673 880 3738 carme,
889 3673 927 3736 18,
934 3673 966 3723 20
974 3676 1181 3741 mariaqaeBae't's

168 3746 308 3807 aageot—
319 3744 407 3805 omas,
426 3742 506 3792 indem
519 3741 632 3792 Gottbei-
685 3745 853 3808 obstrepentis
867 3758 947 3807 argee
960 3745 1182 3795 summoaerele'to-

134 3818 176 3860 ten
190 3809 346 3875 derQuellen
359 3810 403 3877 (NJ
402 3811 529 3876 mpbenn.
539 3812 630 3874 alvan
684 3825 716 3861 ra
721 3810 1108 3886 ‚parumloeapleaeontr'aeate
1118 3815 1182 3880 ripa.

136 3880 208 3927 ibnen
222 3878 328 3929 berannt
339 3881 448 3929 werden.
685 3877 755 3928 Noeb
768 3877 837 3941 jetzt
853 3878 919 3928 siebt
933 3894 988 3928 man
1005 3894 1035 3928 an
1048 3881 1095 3930 der
1106 3880 1183 3931 Buebt

168 3945 324 4006 Statiellae
297 3963 334 4012 ‚J.
347 3947 433 4014 Aequi.
444 3975 477 3986 -
488 3945 622 3998 Saetaba
595 3962 632 4010 ,.J
686 3946 810 3996 zwisohen
823 3945 941 3996 Pozzuoli
957 3948 1006 3997 und
1023 3949 1071 3998 den
1089 3949 1181 3999 Ruinen

134 4015 193 4066 aix.
686 4030 734 4065 von
747 4013 807 4078 Bajii
824 4014 891 4064 viole
905 4014 1038 4065 Triimmer
1053 4031 1103 4066 von
1119 4017 1181 4066 ban·
