2566 4576
172 307 257 361 xxiv
624 304 772 357 ANHANG.

173 464 242 514 ciras
259 462 402 512 contulerat
419 461 444 510 in
462 474 553 524 naves,
571 468 656 511 certus
673 460 762 525 luges,
778 460 801 509 si
818 458 960 510 contrarias
972 465 1064 509 ventus
1076 456 1233 518 resedisset;

173 547 221 598 quo
234 538 293 582 tunc
311 530 448 580 avunculus
464 544 534 579 meus
547 529 726 579 secundissimo
739 530 854 578 invectus
867 527 1043 593 complectitur
1054 526 1232 592 trepidantem,

173 600 331 661 consolatur,
345 600 474 661 bortatur,
488 604 564 663 utque
577 598 690 648 timerem
703 598 756 648 eius
768 613 814 647 sua
827 597 965 647 securitate
976 595 1080 659 leniret,
1097 594 1195 644 deferri
1207 594 1231 643 in

172 668 295 718 balineum
311 668 392 728 iubet3
412 667 478 716 lotus
495 665 611 729 accubet,
629 673 702 717 cenat
716 673 760 716 aut
772 666 858 716 biluris
869 672 926 726 unt,
944 665 1009 730 quod
1026 671 1067 714 est
1082 677 1161 728 aeque
1179 677 1232 712 ma·

172 753 260 801 gnum,
277 736 365 785 similis
377 735 460 785 hilari.
491 733 618 784 interime
632 734 743 785 Vesuvio
756 741 840 785 monte
852 733 966 800 pluribus
982 733 1007 781 ia
1019 731 1082 782 lucis
1095 730 1232 781 latissimus

172 808 283 856 dammae
300 805 400 869 altaque
418 803 531 853 incendia
549 802 706 863 relucebant,
728 819 832 871 quorum
851 802 935 866 fulgor
956 809 982 851 et
998 799 1102 850 claritas
1118 798 1231 849 tenebris

173 875 254 923 noctis
271 871 437 922 excitabatur.
467 871 512 920 lile
528 871 664 933 agrestium
682 872 848 938 trepidatione
860 872 931 934 ignes
949 870 1053 920 relictos
1065 868 1231 933 desertasque

173 941 248 991 villas
264 957 310 1006 per
325 941 484 991 solitudinem
500 940 589 989 ardere
607 940 632 989 in
646 941 780 990 remedium
797 939 934 989 formidinis
951 937 1090 989 dictitabat.
1121 934 1186 986 Tum
1203 951 1230 987 se

174 1010 250 1076 quieti
263 1010 342 1071 dedit,
356 1016 382 1058 et
394 1010 490 1074 quievit
501 1009 633 1057 verissime
646 1009 743 1075 quidem
755 1023 850 1058 somne.
880 1007 943 1058 liam
956 1013 1053 1057 meatus
1065 1005 1175 1067 animae,
1189 1004 1230 1071 qni

173 1078 210 1128 illi
223 1084 327 1144 propter
338 1077 524 1143 arnplitudinem
536 1077 650 1142 corporis
663 1077 766 1140 gmvior
777 1082 805 1127 et
815 1077 946 1126 sonantior
957 1082 1026 1136 erat,
1043 1073 1074 1125 ab
1093 1074 1125 1123 iis
1142 1072 1184 1138 qui
1201 1072 1231 1123 li-

173 1148 232 1197 mini
245 1145 444 1196 obversabantur
456 1144 611 1195 audiebatur.
643 1145 693 1194 Sed
710 1160 770 1195 area
787 1160 819 1196 ex
837 1160 884 1211 qua
901 1146 984 1195 diaeta
1000 1142 1117 1193 adibatur
1134 1142 1169 1191 ita
1182 1141 1230 1191 ism

174 1217 258 1265 cinere
276 1215 410 1279 mixtisque
428 1213 564 1279 pumicibus
581 1212 681 1279 oppleta
693 1220 842 1264 surrexerat
858 1219 899 1274 ut,
917 1214 939 1263 si
957 1214 1055 1276 longior
1071 1211 1095 1260 in
1113 1209 1228 1259 cubiculo

173 1298 256 1347 mora,
274 1285 359 1333 exitus
372 1290 516 1345 negaretur.
547 1281 681 1331 Excitatus
694 1283 807 1347 procedit
819 1296 896 1348 seque
908 1281 1075 1348 Pomponiano
1088 1278 1230 1345 ceterisque

174 1352 214 1419 qui
227 1353 440 1418 pervigilaverant
452 1351 542 1400 reddit.
572 1348 599 1399 lu
612 1366 740 1400 commune
752 1350 907 1415 consultant,
924 1351 989 1401 intre
1006 1355 1074 1400 tecta
1090 1346 1231 1397 subsistant

173 1437 204 1471 an
217 1421 341 1486 inaperta
355 1426 486 1482 vagentur.
516 1417 578 1468 Nam
595 1418 692 1469 crebris
708 1420 837 1486 vastisque
854 1419 1003 1470 tremoribus
1022 1423 1088 1468 tecta
1108 1413 1230 1465 cumbunt

174 1496 200 1540 et
213 1491 282 1554 quasi
296 1495 378 1538 emota
390 1486 492 1537 sedibus
504 1487 557 1536 suis
570 1503 635 1536 nnuc
648 1488 695 1537 bue
707 1504 772 1537 nunc
784 1488 844 1538 illuc
855 1488 925 1539 abire
941 1495 985 1537 aut
1001 1483 1092 1536 referri
1109 1483 1229 1534 videbun·

174 1564 225 1608 tur.
256 1556 307 1607 Sub
325 1557 365 1605 dio
384 1572 472 1606 rursus
489 1570 634 1622 quamquam
651 1556 744 1606 levium
760 1572 942 1621 exesorumque
955 1556 1076 1622 pumicum
1089 1567 1164 1603 casus
1175 1567 1228 1602 me·

174 1625 306 1685 tuebatnr;
326 1626 390 1691 quod
404 1632 484 1675 tamen
498 1625 665 1690 periculorum
677 1624 778 1674 collatio
795 1625 881 1687 elegit.
911 1623 946 1673 Et
962 1625 1027 1689 apud
1044 1623 1113 1672 illum
1130 1621 1228 1687 quidem

175 1695 240 1746 ratio
254 1695 384 1757 rationem,
396 1694 460 1758 apud
472 1694 536 1743 alios
550 1693 663 1743 timorem
676 1693 751 1743 timor
761 1693 830 1743 vicit.
861 1690 1001 1742 Cervicalia
1014 1689 1136 1758 capitibus
1149 1689 1228 1755 impe·

175 1765 224 1814 sita
245 1764 330 1813 linteis
352 1762 537 1826 constringunt:
562 1761 587 1811 id
606 1761 783 1811 munimentum
799 1760 921 1809 adversus
939 1760 1074 1811 incidentia
1094 1759 1148 1810 init.
1178 1757 1229 1808 lam

175 1833 228 1883 dies
240 1831 312 1896 alibi,
331 1830 383 1880 illic
396 1846 446 1879 nox
459 1829 572 1879 omnibus
585 1829 698 1878 noctibus
711 1826 807 1890 nigrior
819 1826 983 1894 densiorque3
1002 1844 1074 1894 quam
1091 1836 1173 1880 tamen
1190 1824 1228 1877 fa·

175 1916 217 1951 ces
230 1900 323 1950 multae
336 1899 454 1963 variaque
468 1897 558 1946 lumina
571 1895 725 1945 solabantur.
756 1892 854 1944 Placuit
870 1896 957 1958 egredi
975 1897 998 1946 iu
1012 1897 1071 1947 litus
1085 1903 1111 1947 ct
1124 1911 1157 1946 ex
1170 1910 1228 1962 pro·

174 1969 242 2019 ximo
259 1967 389 2031 adspicere
403 1965 491 2030 ecquid
508 1965 556 2012 iam
568 1978 636 2011 mare
648 1962 807 2023 admitteret3
820 1963 885 2029 qnod
897 1964 976 2014 adbuc
988 1972 1086 2015 vastum
1099 1972 1125 2016 et
1136 1966 1229 2015 adver·

175 2050 229 2085 sam
241 2032 410 2099 permanebat.
432 2030 469 2081 lbi
482 2045 558 2096 snper
569 2029 692 2079 abiectum
704 2028 808 2079 linteum
820 2030 943 2082 recubans
955 2033 1033 2082 semel
1045 2040 1120 2099 atquc
1137 2032 1230 2083 itcmm

174 2102 289 2165 frigidam
301 2114 388 2165 nquam
401 2098 514 2164 poposcit
530 2095 669 2212 hausitque,
700 2096 794 2146 llcinde
811 2100 921 2149 flammae
938 2102 1138 2166 flammarumque
1155 2115 1232 2167 prae-

175 2169 276 2219 nuntius
289 2168 351 2216 odor
363 2166 489 2232 sulphuris
501 2164 565 2215 alios
577 2164 601 2212 in
625 2180 697 2227 ugam
705 2172 817 2230 vertunt,
829 2168 942 2217 excitant
955 2167 1032 2216 illum.
1050 2167 1161 2219 innitens
1175 2183 1232 2219 eer-

173 2237 240 2288 vulis
252 2234 348 2284 duobus
360 2235 519 2293 adsurrexit,
537 2238 563 2281 et
576 2232 659 2281 statim
672 2233 791 2294 concidit,
808 2240 837 2283 ut
849 2249 895 2295 ego
909 2235 1013 2297 colligo,
1030 2236 1156 2285 crassiore
1170 2236 1233 2287 cali·

174 2304 231 2369 gine
244 2303 334 2369 spiritu
353 2301 482 2350 obstructo
495 2301 629 2365 clausoque
642 2302 782 2361 stomacho,
800 2300 840 2367 qui
857 2301 894 2351 illi
907 2308 996 2351 nutura
1009 2302 1134 2351 invalidus
1147 2310 1174 2353 ct
1185 2320 1233 2354 an·

174 2379 263 2437 gustus
276 2378 302 2420 et
314 2369 460 2435 frequenter
472 2366 589 2419 aestuaris
603 2374 665 2418 erat.
689 2367 736 2421 Ubi
749 2369 802 2419 dies
816 2369 928 2419 redditus
940 2400 964 2407 -
976 2369 998 2418 is
1011 2368 1041 2418 ab
1055 2384 1084 2417 eo
1098 2383 1171 2434 quem
1184 2387 1233 2419 no-

173 2441 276 2490 vissime
288 2439 387 2488 viderat
399 2437 490 2487 tertius
502 2469 534 2501 -,
548 2452 638 2502 corpus
652 2438 780 2487 inventum
792 2437 925 2501 integrum,
938 2437 1053 2487 illaesum
1067 2443 1234 2557 opertumque

174 2515 202 2557 ut
214 2506 298 2556 luerat
310 2507 423 2557 indutus:
442 2505 540 2557 babitus
557 2507 670 2573 corporis
683 2505 821 2574 quiescenti
833 2521 906 2575 quam
917 2504 1034 2559 defuncto
1047 2504 1160 2557 similior.

174 2575 248 2626 terim
261 2574 350 2626 bliseni
362 2591 409 2639 ego
422 2580 449 2627 et
460 2582 548 2627 mater.

1202 2523 1233 2557 n-
