2566 4576
418 357 473 407 utu
492 356 611 408 SPlNNE
630 356 685 420 (XI,
698 355 738 420 24,
751 356 807 420 28).
1081 359 1140 420 163

81 517 222 591 perpetua
241 511 431 589 haruspicum
452 510 632 583 coniectura,
653 510 703 590 qui
722 509 819 571 dirum
834 510 862 570 id
879 516 1028 570 ostentum
1043 510 1142 570 existi-

81 602 166 656 mant
181 613 307 673 semper.
337 595 415 655 Duce
430 613 540 672 prenso
561 602 657 654 totum
671 602 786 655 tenetur
802 613 922 672 agmen,
943 595 1053 655 amisso
1069 595 1142 655 dila·
1163 612 1195 662 56

81 679 161 740 bitur
179 679 342 759 migratque
361 680 397 739 ad
423 679 504 740 alios.
539 680 612 740 Esse
631 680 730 758 utique
751 680 814 740 sine
832 697 901 757 rege
920 696 982 739 uon
1001 688 1142 757 possunt,

81 764 187 824 invitae
197 772 294 824 autern
305 764 477 824 interimunt
489 783 551 836 eos,
564 765 740 842 cumplures
751 765 840 837 suere,
852 764 1009 843 potiusque
1018 781 1142 823 nascen-

81 849 155 910 tium
171 849 278 908 domos
294 849 421 921 diruunt,
438 848 463 908 si
478 857 637 927 proventus
653 848 838 927 desperatum
854 856 924 909 tunc
939 855 967 907 et
982 849 1066 908 sucos
1081 846 1142 908 abi-

82 940 162 1012 gunt.
184 934 370 1013 Quamquam
386 941 414 993 et
429 933 464 992 de
479 933 514 994 iis
530 935 613 994 video
629 933 752 994 dubitari
767 933 983 1012 propriumque
997 932 1034 992 iis
1050 950 1143 1010 genus
1164 952 1195 1002 57

81 1037 148 1078 esse
163 1017 277 1096 aliquos
292 1018 468 1091 existimare,
484 1017 560 1078 sicut
571 1018 693 1090 furibus,
710 1018 912 1096 grandissimis
924 1018 1000 1077 inter
1014 1017 1079 1077 illos
1092 1017 1143 1077 sed

81 1102 174 1181 nigris
194 1102 309 1182 lataque
328 1103 406 1175 alvo,
430 1102 469 1163 ita
488 1103 653 1182 appellatis,
678 1104 745 1183 quia
769 1103 869 1163 furtim
888 1103 1029 1163 devorent
1047 1101 1141 1161 mella.

82 1185 201 1248 Certum
216 1196 271 1259 ost,
285 1187 321 1247 ah
337 1186 440 1265 apibus
456 1189 539 1248 sucos
555 1188 687 1248 interfici.
714 1188 820 1267 Utique
831 1205 930 1266 regem
945 1205 1007 1247 non
1022 1186 1144 1258 habent,

83 1289 176 1352 aequo
194 1273 286 1332 modo
304 1275 331 1331 sa*
345 1271 408 1331 sine
419 1272 520 1332 aculeo
539 1280 696 1333 nascantur
710 1273 741 1332 iu
753 1272 924 1352 quaestione
935 1280 989 1332 est.
1015 1269 1143 1331 Humido
1164 1288 1197 1338 58

82 1375 149 1416 vere
164 1356 269 1416 melior
289 1357 374 1427 tetus
397 1357 474 1417 sicco
495 1357 553 1417 mel
573 1357 732 1435 copiosius.
761 1357 847 1429 Quod
868 1357 892 1415 si
912 1355 1017 1416 defecit
1035 1356 1144 1435 aliquas

77 1435 162 1502 'alvos
178 1439 277 1513 cibus,
298 1441 441 1519 impetum
462 1441 492 1500 in
507 1441 657 1519 proximas
673 1441 783 1502 faciunt
796 1440 915 1519 rapinae
930 1440 1102 1519 proposito,
1116 1447 1145 1499 at

82 1525 144 1586 illae
158 1532 263 1585 contra
278 1524 407 1603 dirigrmt
422 1524 522 1597 aciem,
538 1534 567 1584 et
579 1525 603 1584 si
616 1533 716 1585 custos
729 1525 814 1597 adsit,
830 1526 966 1585 alterutra
977 1542 1057 1602 pars,
1073 1541 1146 1600 quae

84 1609 137 1670 sihi
152 1610 248 1670 favere
262 1609 363 1682 sensit,
379 1627 441 1669 non
456 1610 567 1688 appetit
582 1628 658 1670 eum.
688 1610 732 1669 Ex
748 1609 810 1669 aliis
826 1627 942 1686 quoque
958 1626 1045 1686 saepe
1059 1607 1146 1667 dimi-

84 1702 150 1755 cant
174 1694 270 1755 causis
301 1695 431 1773 duasque
454 1694 530 1754 acies
550 1695 712 1755 contrarias
733 1695 868 1771 duosque
887 1694 1079 1771 imperatores
1099 1691 1146 1750 in-

83 1786 210 1852 struunt,
225 1780 352 1840 maxime
366 1779 428 1839 rina
443 1778 473 1837 in
486 1778 683 1839 convehendis
695 1777 817 1838 floribus
834 1785 934 1838 exorta
949 1785 978 1837 et
993 1795 1065 1837 suos
1081 1776 1146 1855 qui·

82 1862 197 1942 busque
212 1863 413 1936 evocantibus,
429 1881 502 1943 quae
513 1863 660 1923 dimicatio
672 1863 780 1923 iniectu
791 1863 917 1942 pulveris
929 1869 978 1923 aut
989 1862 1070 1921 fumo
1086 1867 1147 1921 tota

84 1947 254 2021 discutitur,
273 1947 478 2008 reconciliatur
491 1966 560 2009 vero
576 1948 648 2008 lacte
664 1949 706 2008 vel
721 1967 795 2025 aqua
810 1947 915 2008 mulsa.

464 2101 731 2111 m-..
742 2103 765 2108 -

416 2284 478 2345 nm
502 2283 637 2345 srmnn
661 2285 728 2362 (24,
744 2285 812 2361 ae).

170 2403 378 2481 (Araneorum)
391 2421 482 2481 genus
495 2403 605 2463 erudita
617 2404 787 2481 operatione
799 2404 1002 2482 conspicuum.
1027 2402 1147 2463 Orditur
1168 2416 1200 2466 80

83 2488 155 2550 telas
170 2487 300 2566 tantique
316 2488 414 2566 operis
429 2487 566 2547 materiae
581 2494 681 2548 uterus
697 2488 791 2566 ipsius
808 2488 928 2560 suflicit,
949 2488 1008 2547 sive
1024 2487 1062 2547 ita
1078 2506 1146 2546 cor-

82 2579 170 2653 rupta
189 2571 244 2631 alvi
263 2579 364 2632 natura
385 2579 461 2632 stato
483 2582 628 2649 tempore,
653 2580 686 2631 ut
704 2572 871 2631 Democrito
892 2573 998 2649 placet,
1024 2570 1083 2630 sive
1102 2578 1147 2630 est

107 2656 226 2731 ¹aedam
242 2655 321 2716 intus
336 2657 462 2734 lanigera
473 2655 618 2730 fertilitas3
633 2664 693 2716 tam
705 2655 856 2717 moderato
868 2673 974 2733 ungue,
989 2661 1049 2714 tam
1065 2655 1147 2715 tereti

114 2761 132 2804 o
145 2747 247 2803 ettam
259 2741 369 2821 aequali
381 2740 497 2801 deducit
509 2741 641 2815 stamina,
658 2741 724 2820 ipso
737 2759 769 2800 se
780 2740 912 2817 pondere
923 2757 1006 2799 usus
1038 2738 1147 2799 Tenere
1167 2749 1198 2800 81

83 2909 220 2974 gebcnheit
230 2910 254 2959 in
269 2909 363 2959 seinem
369 2907 588 2959 Gcschichtswerk
643 2909 704 2972 legt,
718 2909 777 2957 dass
790 2908 828 2956 sie
838 2907 1008 2969 volistiindige
1018 2906 1148 2956 Schlacht-

85 2979 115 3040 (ο.
128 2978 154 3027 d.
166 2976 241 3040 Einl.)
256 2977 363 3026 erziihlt.
643 2977 787 3038 ordnungon
800 2976 846 3024 mit
858 2976 929 3025 ihren
939 2974 1085 3025 Feldherrn
1093 2973 1148 3024 auf-

117 3043 160 3094 56.
173 3048 340 3107 naecmtium,
351 3045 396 3094 der
408 3043 514 3107 Weiscl,
524 3061 587 3113 pro·
643 3045 743 3094 stetten.
754 3071 789 3080 -
800 3060 870 3106 suos,
884 3059 919 3093 sc.
932 3043 1106 3108 imperatores.

84 3111 588 3176 vmm,dernrbeitsbienen.ulsGrund
678 3111 719 3160 80.
737 3111 800 3173 advo,
818 3114 981 3179 περίττωμα
993 3110 1055 3159 nach
1068 3109 1147 3159 Arist.
1242 3139 1246 3144 ›

84 3179 139 3244 gibt
150 3179 231 3229 Arist.
243 3195 267 3245 p.
281 3179 331 3229 624
342 3194 381 3243 an,
393 3181 453 3230 weil
466 3181 534 3230 nicht
545 3196 589 3244 ge·
644 3179 667 3245 9,
678 3179 711 3228 39
720 3195 743 3245 p.
755 3177 804 3227 623
813 3194 841 3239 α,
855 3179 895 3227 dic
908 3178 1086 3241 Excremente,
1098 3178 1147 3226 wie

85 3248 450 3366 Etdiiffdiidiffii'
467 3263 509 3298 ‘¹¹¹¹
644 3245 1147 3363 2=5idi,,‘‚’?,‘d'0'‘²“did‘disannei.

105 3332 161 3434 e57.
180 3399 262 3448 aequo
273 3383 356 3445 modo,
369 3353 417 3433 nie
431 3382 453 3447 §.
467 3382 508 3443 523
522 3385 548 3433 ri
558 3382 592 3432 im
645 3353 712 3442 nnng
723 3349 841 3428 verwirs’t
852 3348 933 3426 Aris’t.
945 3349 991 3428 mit
1002 3378 1090 3427 Recht.

84 3451 241 3515 ahhiingigen
253 3451 393 3515 Fragcsatz
405 3449 448 3500 fiir
459 3466 501 3515 aa,
518 3450 591 3500 Mad·
611 3502 615 3507 ,
677 3446 791 3514 pondera
799 3461 840 3495 um
851 3445 898 3493 den
908 3444 1010 3508 Aufzug
1018 3461 1057 3494 am
1068 3444 1148 3494 Web-

159 3518 229 3570 .451
242 3518 349 3568 dnmd.
646 3514 817 3578 stuirlgcradc
839 3527 872 3561 zu
888 3511 1011 3561 crhaltcn.
1035 3511 1062 3561 ln
1078 3512 1149 3562 einer

83 3518 163 3638 Ἧόῧξ.
186 3588 340 3655 proposito,
364 3586 592 3636 substantivischer
646 3579 893 3632 lehrreichenStelle
903 3578 1018 3658 iibordie
1028 3567 1149 3629 alte'Wc-

85 3655 144 3707 Aur.
156 3657 202 3705 des
214 3652 339 3705 Grandes.
353 3681 388 3691 -
406 3657 501 3716 custos,
515 3647 530 3701 ὁ
543 3669 592 3722 με·
645 3650 715 3700 harei
736 3657 794 3713 sagt
814 3649 911 3698 Seneca
937 3654 1010 3713 epist.
1031 3645 1064 3696 90
1088 3647 1163 3701 dum.

86 3717 250 3792 λιττουργός
262 3723 302 3772 bei
319 3722 427 3772 Aristot.
447 3736 472 3786 p.
485 3719 544 3771 626.
557 3749 591 3758 -
644 3718 700 3770 uult
716 3714 859 3768 &reddare
873 3715 1087 3782 qamadmodum
1099 3716 1149 3766 telo

87 3789 591 3859 duosque-metruunt.Eigentlichist
645 3788 778 3854 suspensis
796 3785 956 3853 ponderibus
976 3789 1076 3835 rectum
1096 3788 1149 3835 sta-

87 3861 203 3912 eeSachc
213 3859 405 3910 dcsFeldherru
415 3857 589 3908 dicSchlueht·
644 3871 703 3905 men
715 3854 845 3905 ostendat.

87 3930 175 3980 neuen
188 3927 340 3988 zuordnon3
353 3926 481 3977 hierwird
492 3925 554 3976 ahor
566 3926 590 3975 in
680 3922 720 3973 81.
738 3923 792 3973 Aus
812 3921 921 3972 Aristot.
942 3922 987 3970 das
1008 3920 1148 3984 Vorherige

88 3997 214 4049 lebhaitcr
229 3993 315 4046 iturae
332 3997 380 4045 dan
395 3994 488 4046 Bicnen
505 3993 592 4057 beige—
645 3986 761 4060 ὑφαίνει
782 3990 907 4061 πρῶτον
931 3986 986 4056 μὲν
1006 3986 1149 4041 διατεῖναν

897 4072 947 4124 11*
