2566 4576
176 349 235 412 108
506 345 573 398 nilla
589 345 680 398 HUNB
699 343 778 410 (vul,
790 344 832 410 4⁰,
844 344 902 412 al).

120 514 153 563 94
174 519 247 581 pora
268 500 305 560 ad
326 499 515 579 sepulturam.
544 500 644 578 ltaque
662 499 714 561 uni
728 499 755 559 ei
770 499 882 560 insulae
896 498 1036 560 crocodili
1050 516 1114 561 non
1128 499 1236 564 adnant

173 585 335 664 olfactuque
350 584 411 646 eius
428 584 542 662 generis
558 583 715 645 hominum
733 591 766 644 ut
780 583 945 663 Psyllorum
962 591 1115 664 serpentes
1130 587 1236 665 higen-

171 678 227 731 tur.
249 669 373 730 Hebetes
388 669 489 730 oculos
504 670 563 730 hoc
573 667 679 729 animal
689 668 795 729 dicitur
804 667 911 729 hahere
920 668 952 729 in
962 687 1045 748 aqua,
1062 677 1144 731 extra
1154 670 1235 732 ader·

170 754 239 815 rimi
248 755 339 827 visus,
355 761 537 832 quatuorque
551 771 669 814 menses
684 752 791 813 hiemis
802 771 919 832 semper
929 752 1025 815 inedia
1035 755 1236 816 transmittere
1254 806 1259 816 ,

170 839 202 899 iu
213 857 311 917 specu.
335 838 461 911 Quidam
474 838 533 898 hoc
547 855 640 899 unum
655 836 794 917 quamdiu
808 837 883 900 vivat
896 855 1028 900 creseere
1041 837 1240 915 arbitrantnr3'

169 923 239 982 vivit
253 930 349 983 autem
362 923 451 1001 longo
466 930 608 1001 tempore.

118 1022 151 1072 95
258 1006 350 1067 blaior
370 1007 519 1068 altitudine
533 1007 564 1066 in
579 1005 682 1066 eodem
696 1004 760 1065 Nilo
776 1005 870 1068 bellua
884 1007 1118 1086 hippopotamus
1132 1006 1235 1083 editum,

171 1091 287 1168 ungariis
301 1090 378 1151 binis
394 1091 493 1170 quales
508 1090 619 1163 bubus,
635 1090 726 1150 dorso
742 1089 809 1168 equi
824 1097 854 1150 et
867 1090 936 1152 iuba
948 1099 977 1151 et
990 1090 1118 1165 hinnitu,
1134 1100 1234 1154 rostro

171 1175 295 1247 resimo,
319 1175 410 1235 cauda
433 1182 462 1234 et
481 1174 616 1235 dentibus
635 1191 775 1252 aprorum
795 1175 916 1236 aduncis
936 1174 989 1235 sed
1006 1175 1107 1237 minias
1126 1176 1234 1252 nemis,

170 1259 295 1337 tergoris
315 1258 352 1320 ad
371 1266 452 1319 scuta
471 1259 623 1337 galeasque
640 1257 884 1338 impenetrabilis,
904 1266 1112 1338 praeterquam
1130 1261 1158 1321 si
1176 1259 1235 1322 hu-

170 1360 254 1403 more
272 1342 416 1404 madeant.
446 1342 617 1422 Depaseitur
636 1351 747 1422 segetes
768 1343 962 1405 destinatione
977 1351 1057 1417 ante,
1079 1351 1114 1405 ut
1128 1345 1234 1420 lerunt,

170 1427 377 1488 determinatas
392 1428 423 1487 in
438 1426 515 1487 diem
530 1435 559 1488 et
572 1447 607 1488 er
621 1445 692 1506 agro
708 1428 868 1490 ferentibus
883 1427 1024 1506 vestigiis,
1043 1446 1172 1508 nequae
1184 1447 1233 1490 re-

117 1524 150 1576 96
170 1512 292 1572 vertenti
307 1511 428 1572 insidiae
444 1519 661 1591 comparentur.
691 1512 809 1574 Primus
825 1531 893 1574 eum
908 1520 936 1574 et
951 1513 1081 1592 quinque
1096 1513 1234 1575 crooodi·

168 1595 214 1656 los
230 1597 342 1657 Romae
367 1595 518 1659 aedilitatis
544 1615 614 1657 suae
633 1596 710 1658 ludis
729 1596 766 1658 M.
777 1596 906 1659 Scaurus
925 1596 1108 1676 temporario
1127 1598 1232 1677 euripo

170 1681 306 1742 ostendit.

550 1833 851 1843 ——-——--—-

510 2015 585 2077 usu
606 2015 709 2077 surr
733 2017 887 2094 (41161).

101 2145 149 2196 142
255 2134 299 2194 Ex
322 2134 368 2194 his
393 2152 510 2213 quoque
534 2135 705 2195 animalibus
725 2154 798 2214 quae
821 2134 978 2196 nobiseum
1002 2135 1115 2213 degunt
1141 2138 1234 2199 multa

170 2224 240 2278 sunt
254 2218 373 2296 cognitu
388 2217 474 2296 digna
488 2217 750 2298 fidelissimumque
764 2228 832 2281 aute
848 2220 946 2281 omnia
961 2220 1076 2281 homini
1092 2221 1174 2282 mnis
1188 2230 1233 2283 at·

169 2321 226 2381 que
240 2321 341 2382 equus.
364 2301 516 2381 Pugnasse
531 2301 670 2364 adversus
684 2303 814 2365 latrones
830 2322 931 2364 canem
946 2321 1001 2383 pro
1014 2305 1138 2366 domino
1149 2325 1233 2368 acoe-

169 2386 267 2466 pimus
283 2388 505 2466 confectumque
520 2386 613 2465 plagis
628 2407 644 2448 a
660 2407 785 2468 corpore
800 2405 862 2449 non
877 2388 1043 2462 recessisse,
1057 2391 1194 2452 volucres
1205 2397 1234 2451 et

167 2473 244 2533 ieras
260 2472 437 2551 abigentem3
453 2472 488 2533 ab
503 2472 558 2532 alio
574 2471 605 2532 in
615 2472 706 2552 llpiro
721 2473 853 2552 agnitum
867 2472 899 2534 in
914 2480 1059 2534 conventu
1070 2492 1232 2552 pereusso-

166 2689 263 2739 mittels
275 2689 345 2737 eines
355 2686 458 2751 Netzes,
475 2690 569 2738 iniecto
583 2688 672 2753 laqueo
724 2687 880 2738 Aristoteles
897 2688 921 2736 h.
937 2687 1011 2737 anim.
1030 2687 1054 2755 5,
1067 2686 1101 2738 33
1119 2706 1143 2755 p.
1161 2687 1231 2738 sesa

168 2757 229 2805 nach
250 2756 358 2818 Seneca,
380 2771 468 2818 rogen.
500 2755 590 2805 Aelian
613 2755 670 2804 hist.
725 2755 758 2804 23
771 2754 865 2804 unito
878 2755 1016 2805 iibersetzt.

167 2823 240 2872 anim.
258 2823 297 2883 10,
310 2822 341 2870 21
355 2821 670 2872 berichtetdassclhevon
696 2872 700 2880 ,
759 2823 800 2872 95.
834 2821 881 2872 Die
904 2821 1092 2887 Beschreibuug
1115 2823 1231 2873 entlehnt

167 2889 357 2954 Apollonopolis
366 2889 399 2937 im
409 2887 499 2938 Gebiet
509 2906 534 2940 v.
547 2888 669 2955 Tentyra.
724 2888 761 2939 Pl.
778 2905 824 2939 aus
840 2890 953 2940 Herodot
964 2889 993 2953 2,
1008 2890 1037 2939 71
1056 2891 1109 2941 und
1119 2890 1228 2941 Aristot.

201 2955 243 3004 94,
255 2959 328 3004 ut—
337 2961 476 3021 serpentes,
490 2955 557 3022 ’1,14
572 2956 671 3007 Horum
724 2955 748 3021 2,
761 2957 776 3005 7
788 2973 813 3022 p.
826 2956 904 3021 5022,
926 2957 1039 3020 ohgleich
1055 2958 1098 3009 ihu
1115 2959 1162 3008 der
1175 2957 1228 3007 Au-

167 3023 270 3088 corpcra'
285 3023 430 3086 iageaaitom
442 3023 502 3086 fuit
521 3025 593 3072 viras
614 3027 671 3074 eori-
723 3025 859 3088 genscheir
875 3025 900 3074 in
917 3025 979 3074 lloru
993 3025 1061 3074 wohl
1079 3025 1151 3076 eines
1167 3025 1228 3075 lle‘s-

167 3089 227 3170 table
238 3091 400 3156 serpentibus
417 3093 527 3139 etardus
540 3089 670 3142 odorem·
723 3106 783 3141 sern
808 3091 927 3141 helehreu
950 3092 1052 3172 konqte.
1089 3091 1139 3172 biit
1160 3092 1228 3142 Aus-

163 3157 669 3291 testaretur-,att{alth
722 3159 1228 3292 stetisseque-telezas

166 3292 213 3341 der
232 3294 354 3354 grb'ssern
376 3291 453 3359 Syrte
475 3293 500 3342 in
522 3292 668 3359 Cyrenaica.
722 3293 827 3359 tilopeu.

166 3356 669 3429 1111136150νοερνιςίιιινιιίιίι,ιρυσικὴοίνκ
754 3366 935 3430 praeterquam
954 3388 989 3398 -
1011 3362 1151 3426 moderaret,
1181 3377 1228 3411 zur

166 3421 310 3490 τιπάθεια,
324 3429 449 3479 zwischen
459 3430 507 3479 den
517 3427 668 3496 Tentyriten
722 3428 789 3491 Zeit,
800 3445 874 3480 weun
889 3431 925 3480 sie
937 3430 1053 3493 gemacht
1064 3431 1178 3480 werden·

165 3496 216 3544 und
226 3494 432 3547 denlirohodilen
442 3497 507 3547 wird
517 3512 567 3547 von
577 3496 667 3548 Strabo
756 3515 791 3548 eu
802 3513 867 3563 agro
884 3498 946 3547 nach
959 3497 1014 3546 dem
1025 3496 1118 3549 Flusse
1132 3497 1186 3559 hin;
1199 3510 1227 3546 es

165 3576 190 3610 a.
207 3577 230 3611 a.
244 3562 273 3613 0.
290 3563 411 3629 bezeugt‚
429 3581 478 3616 von
496 3565 592 3616 Seneca
608 3580 631 3615 a.
644 3579 667 3614 a.
721 3567 782 3629 geht
793 3566 847 3615 also
860 3565 1015 3629 riiclrwiirts,
1035 3565 1087 3628 vgl.
1100 3563 1229 3616 Nicander

166 3628 196 3676 0.
210 3629 353 3693 geldugnet.
721 3633 826 3683 theriac.
841 3632 898 3696 568,
911 3632 1000 3683 Aelim
1013 3633 1036 3682 h.
1049 3647 1090 3682 au.
1105 3632 1130 3697 5,
1142 3630 1184 3682 53.

200 3696 669 3758 inedia,AblativderllrtundWeise
756 3704 911 3769 temporario
939 3702 1044 3768 euripo,
1075 3700 1116 3749 ein
1145 3697 1228 3750 Kanai

167 3758 408 3829 ohnePriiposition,
418 3768 459 3818 bei
469 3769 564 3818 diesem
573 3766 666 3818 Worte
721 3769 802 3818 heheu
825 3770 880 3818 dem
897 3766 995 3829 Circus,
1017 3769 1064 3817 der
1081 3782 1093 3816 s
1111 3767 1170 3818 liter
1181 3782 1228 3816 zu·

165 3833 237 3898 sonst
246 3827 466 3888 angelrauehlieh.
481 3834 668 3886 DieNachricht
721 3835 865 3898 geschiittet
875 3835 970 3898 warde,
983 3835 1034 3898 vgl.
1045 3852 1078 3885 zu
1090 3783 1109 3900 g
1120 3834 1163 3885 21.

163 3895 255 3940 istaus
268 3892 417 3966 decorata,
430 3901 472 3952 118.
759 3902 814 3951 142.
837 3905 864 3952 in
876 3907 1009 3966 concentu,
1025 3902 1066 3953 hei
1078 3903 1151 3966 einer
1161 3901 1228 3952 liee-

195 3954 351 4014 Om'dm*
361 3971 482 4038 tempore,
493 3971 666 4020 worthchaus
721 3977 924 4036 resmusteruug,
946 3971 986 4021 die
1002 3971 1049 4021 der
1059 3968 1145 4035 Kdnig
1161 3969 1227 4037 Pyr-
