<?xml version="1.0" encoding="UTF-8"?>
<!DOCTYPE html PUBLIC "-//W3C//DTD XHTML 1.0 Transitional//EN"
    "http://www.w3.org/TR/xhtml1/DTD/xhtml1-transitional.dtd">
<html xmlns="http://www.w3.org/1999/xhtml" xml:lang="en" lang="en">
 <head>
  <title>
</title>
<meta http-equiv="Content-Type" content="text/html;charset=utf-8" />
  <meta name='ocr-system' content='tesseract 3.04.00' />
  <meta name='ocr-capabilities' content='ocr_page ocr_carea ocr_par ocr_line ocrx_word'/>
</head>
<body>
  <div class='ocr_page' id='page_1' title='image "./chrestomathiapl00urligoog_0164.png"; bbox 0 0 2566 4576; ppageno 0'>
   <div class='ocr_carea' id='block_1_1' title="bbox 154 361 962 432">
    <p class='ocr_par' dir='ltr' id='par_1_1' title="bbox 154 361 962 432">
     <span class='ocr_line' id='line_1_1' title="bbox 154 361 962 432; baseline -0.011 -10"><span class='ocrx_word' id='word_1_1' title='bbox 154 369 215 432; x_wconf 80' lang='lat'><strong>136</strong></span> <span class='ocrx_word' id='word_1_2' title='bbox 402 361 615 416; x_wconf 85' lang='lat' dir='ltr'><strong>nnnrunruu</strong></span> <span class='ocrx_word' id='word_1_3' title='bbox 634 361 962 428; x_wconf 66' lang='lat' dir='ltr'><strong>(macco-etos).</strong></span> 
     </span>
    </p>
   </div>
   <div class='ocr_carea' id='block_1_2' title="bbox 82 516 1205 2297">
    <p class='ocr_par' dir='ltr' id='par_1_2' title="bbox 151 516 1204 601">
     <span class='ocr_line' id='line_1_2' title="bbox 151 516 1204 601; baseline -0.004 -17"><span class='ocrx_word' id='word_1_4' title='bbox 151 521 252 601; x_wconf 85' lang='lat' dir='ltr'><strong>pretia,</strong></span> <span class='ocrx_word' id='word_1_5' title='bbox 271 519 337 600; x_wconf 88' lang='lat' dir='ltr'><strong>quis</strong></span> <span class='ocrx_word' id='word_1_6' title='bbox 351 519 433 581; x_wconf 82' lang='lat' dir='ltr'><strong>virus</strong></span> <span class='ocrx_word' id='word_1_7' title='bbox 447 536 533 599; x_wconf 78' lang='lat' dir='ltr'><strong>grave</strong></span> <span class='ocrx_word' id='word_1_8' title='bbox 546 517 577 578; x_wconf 92' lang='lat' dir='ltr'><strong>in</strong></span> <span class='ocrx_word' id='word_1_9' title='bbox 592 517 668 591; x_wconf 86' lang='lat' dir='ltr'><strong>luco,</strong></span> <span class='ocrx_word' id='word_1_10' title='bbox 683 517 766 579; x_wconf 91' lang='lat' dir='ltr'><strong>color</strong></span> <span class='ocrx_word' id='word_1_11' title='bbox 785 524 920 582; x_wconf 88' lang='lat' dir='ltr'><strong>austerus</strong></span> <span class='ocrx_word' id='word_1_12' title='bbox 940 517 971 578; x_wconf 93' lang='lat' dir='ltr'><strong>in</strong></span> <span class='ocrx_word' id='word_1_13' title='bbox 986 517 1089 596; x_wconf 80' lang='lat' dir='ltr'><strong>glauco</strong></span> <span class='ocrx_word' id='word_1_14' title='bbox 1104 525 1134 578; x_wconf 86' lang='lat' dir='ltr'><strong>et</strong></span> <span class='ocrx_word' id='word_1_15' title='bbox 1148 516 1204 580; x_wconf 83' lang='lat' dir='ltr'><strong>ira-</strong></span> 
     </span>
    </p>

    <p class='ocr_par' dir='ltr' id='par_1_3' title="bbox 82 600 1205 1448">
     <span class='ocr_line' id='line_1_3' title="bbox 82 600 1204 682; baseline -0.001 -16"><span class='ocrx_word' id='word_1_16' title='bbox 82 613 132 666; x_wconf 79' lang='lat' dir='ltr'><strong>roo</strong></span> <span class='ocrx_word' id='word_1_17' title='bbox 152 606 243 669; x_wconf 88' lang='lat' dir='ltr'><strong>scenti</strong></span> <span class='ocrx_word' id='word_1_18' title='bbox 263 603 365 668; x_wconf 90' lang='lat' dir='ltr'><strong>similis</strong></span> <span class='ocrx_word' id='word_1_19' title='bbox 383 600 481 666; x_wconf 79' lang='lat' dir='ltr'><strong>mari?</strong></span> <span class='ocrx_word' id='word_1_20' title='bbox 514 602 699 664; x_wconf 79' lang='lat' dir='ltr'><strong>concharum</strong></span> <span class='ocrx_word' id='word_1_21' title='bbox 714 601 750 663; x_wconf 85' lang='lat' dir='ltr'><strong>ad</strong></span> <span class='ocrx_word' id='word_1_22' title='bbox 765 620 913 682; x_wconf 84' lang='lat' dir='ltr'><strong>purpuras</strong></span> <span class='ocrx_word' id='word_1_23' title='bbox 938 608 967 663; x_wconf 93' lang='lat' dir='ltr'><strong>et</strong></span> <span class='ocrx_word' id='word_1_24' title='bbox 991 601 1143 682; x_wconf 74' lang='lat' dir='ltr'><strong>conchylia</strong></span> <span class='ocrx_word' id='word_1_25' title='bbox 1163 637 1204 648; x_wconf 83' lang='lat'>-</span> 
     </span>
     <span class='ocr_line' id='line_1_4' title="bbox 149 685 1205 766; baseline -0.004 -13"><span class='ocrx_word' id='word_1_26' title='bbox 149 692 252 753; x_wconf 91' lang='lat' dir='ltr'><strong>eadem</strong></span> <span class='ocrx_word' id='word_1_27' title='bbox 269 690 348 752; x_wconf 92' lang='lat' dir='ltr'><strong>enim</strong></span> <span class='ocrx_word' id='word_1_28' title='bbox 363 697 409 750; x_wconf 92' lang='lat' dir='ltr'><strong>est</strong></span> <span class='ocrx_word' id='word_1_29' title='bbox 422 686 558 761; x_wconf 90' lang='lat' dir='ltr'><strong>materia,</strong></span> <span class='ocrx_word' id='word_1_30' title='bbox 578 685 630 747; x_wconf 89' lang='lat' dir='ltr'><strong>sed</strong></span> <span class='ocrx_word' id='word_1_31' title='bbox 651 686 738 748; x_wconf 91' lang='lat' dir='ltr'><strong>distat</strong></span> <span class='ocrx_word' id='word_1_32' title='bbox 751 695 983 766; x_wconf 86' lang='lat' dir='ltr'><strong>temperamento</strong></span> <span class='ocrx_word' id='word_1_33' title='bbox 999 687 1116 749; x_wconf 89' lang='lat' dir='ltr'><strong>-duo</strong></span> <span class='ocrx_word' id='word_1_34' title='bbox 1136 695 1205 749; x_wconf 87' lang='lat' dir='ltr'><strong>sunt</strong></span> 
     </span>
     <span class='ocr_line' id='line_1_5' title="bbox 149 771 1202 856; baseline -0.004 -18"><span class='ocrx_word' id='word_1_35' title='bbox 149 794 269 856; x_wconf 75' lang='lat' dir='ltr'><strong>genera:</strong></span> <span class='ocrx_word' id='word_1_36' title='bbox 287 774 427 836; x_wconf 89' lang='lat' dir='ltr'><strong>bucinum</strong></span> <span class='ocrx_word' id='word_1_37' title='bbox 447 772 544 834; x_wconf 93' lang='lat' dir='ltr'><strong>minor</strong></span> <span class='ocrx_word' id='word_1_38' title='bbox 561 773 673 833; x_wconf 91' lang='lat' dir='ltr'><strong>coneha</strong></span> <span class='ocrx_word' id='word_1_39' title='bbox 693 771 728 833; x_wconf 92' lang='lat' dir='ltr'><strong>ad</strong></span> <span class='ocrx_word' id='word_1_40' title='bbox 744 771 962 834; x_wconf 89' lang='lat' dir='ltr'><strong>similitudinem</strong></span> <span class='ocrx_word' id='word_1_41' title='bbox 982 771 1045 832; x_wconf 91' lang='lat' dir='ltr'><strong>eius</strong></span> <span class='ocrx_word' id='word_1_42' title='bbox 1069 791 1128 852; x_wconf 86' lang='lat' dir='ltr'><strong>qua</strong></span> <span class='ocrx_word' id='word_1_43' title='bbox 1147 772 1202 834; x_wconf 93' lang='lat' dir='ltr'><strong>bu-</strong></span> 
     </span>
     <span class='ocr_line' id='line_1_6' title="bbox 151 856 1203 931; baseline -0.006 -7"><span class='ocrx_word' id='word_1_44' title='bbox 151 861 207 924; x_wconf 86' lang='lat' dir='ltr'><strong>cini</strong></span> <span class='ocrx_word' id='word_1_45' title='bbox 224 878 317 922; x_wconf 88' lang='lat' dir='ltr'><strong>sonus</strong></span> <span class='ocrx_word' id='word_1_46' title='bbox 332 859 435 931; x_wconf 90' lang='lat' dir='ltr'><strong>editur,</strong></span> <span class='ocrx_word' id='word_1_47' title='bbox 454 857 532 919; x_wconf 91' lang='lat' dir='ltr'><strong>unde</strong></span> <span class='ocrx_word' id='word_1_48' title='bbox 546 875 633 918; x_wconf 88' lang='lat' dir='ltr'><strong>causa</strong></span> <span class='ocrx_word' id='word_1_49' title='bbox 647 856 769 930; x_wconf 85' lang='lat' dir='ltr'><strong>nomini,</strong></span> <span class='ocrx_word' id='word_1_50' title='bbox 783 857 961 919; x_wconf 75' lang='lat' dir='ltr'><strong>rotunditate</strong></span> <span class='ocrx_word' id='word_1_51' title='bbox 986 856 1048 917; x_wconf 91' lang='lat' dir='ltr'><strong>oris</strong></span> <span class='ocrx_word' id='word_1_52' title='bbox 1072 857 1104 917; x_wconf 93' lang='lat' dir='ltr'><strong>in</strong></span> <span class='ocrx_word' id='word_1_53' title='bbox 1124 876 1203 918; x_wconf 92' lang='lat' dir='ltr'><strong>mar-</strong></span> 
     </span>
     <span class='ocr_line' id='line_1_7' title="bbox 150 941 1204 1026; baseline -0.004 -19"><span class='ocrx_word' id='word_1_54' title='bbox 150 946 217 1026; x_wconf 79' lang='lat' dir='ltr'><strong>gine</strong></span> <span class='ocrx_word' id='word_1_55' title='bbox 235 944 336 1006; x_wconf 90' lang='lat' dir='ltr'><strong>incisa.</strong></span> <span class='ocrx_word' id='word_1_56' title='bbox 380 943 511 1004; x_wconf 79' lang='lat' dir='ltr'><strong>Alterum</strong></span> <span class='ocrx_word' id='word_1_57' title='bbox 535 959 665 1022; x_wconf 82' lang='lat' dir='ltr'>purpura</span> <span class='ocrx_word' id='word_1_58' title='bbox 688 948 809 1002; x_wconf 85' lang='lat' dir='ltr'><strong>vocatur</strong></span> <span class='ocrx_word' id='word_1_59' title='bbox 827 941 988 1003; x_wconf 87' lang='lat' dir='ltr'><strong>caniculato</strong></span> <span class='ocrx_word' id='word_1_60' title='bbox 1013 949 1204 1020; x_wconf 78' lang='lat' dir='ltr'><strong>procurrente</strong></span> 
     </span>
     <span class='ocr_line' id='line_1_8' title="bbox 149 1026 1204 1105; baseline -0.004 -13"><span class='ocrx_word' id='word_1_61' title='bbox 149 1039 248 1092; x_wconf 91' lang='lat' dir='ltr'><strong>rostro</strong></span> <span class='ocrx_word' id='word_1_62' title='bbox 264 1037 293 1090; x_wconf 94' lang='lat' dir='ltr'><strong>et</strong></span> <span class='ocrx_word' id='word_1_63' title='bbox 307 1028 432 1090; x_wconf 89' lang='lat' dir='ltr'><strong>cuniculi</strong></span> <span class='ocrx_word' id='word_1_64' title='bbox 446 1027 534 1089; x_wconf 88' lang='lat' dir='ltr'><strong>latere</strong></span> <span class='ocrx_word' id='word_1_65' title='bbox 548 1027 695 1088; x_wconf 81' lang='lat' dir='ltr'><strong>introrsus</strong></span> <span class='ocrx_word' id='word_1_66' title='bbox 710 1026 859 1100; x_wconf 87' lang='lat' dir='ltr'><strong>tubulato‚</strong></span> <span class='ocrx_word' id='word_1_67' title='bbox 880 1045 937 1105; x_wconf 86' lang='lat' dir='ltr'><strong>qua</strong></span> <span class='ocrx_word' id='word_1_68' title='bbox 956 1034 1131 1105; x_wconf 81' lang='lat' dir='ltr'><strong>proseratur</strong></span> <span class='ocrx_word' id='word_1_69' title='bbox 1149 1027 1204 1088; x_wconf 92' lang='lat' dir='ltr'><strong>lin·</strong></span> 
     </span>
     <span class='ocr_line' id='line_1_9' title="bbox 151 1111 1205 1195; baseline -0.004 -19"><span class='ocrx_word' id='word_1_70' title='bbox 151 1134 222 1195; x_wconf 69' lang='lat' dir='ltr'><strong>gum</strong></span> <span class='ocrx_word' id='word_1_71' title='bbox 244 1121 392 1193; x_wconf 89' lang='lat' dir='ltr'><strong>praeterea</strong></span> <span class='ocrx_word' id='word_1_72' title='bbox 404 1113 547 1174; x_wconf 89' lang='lat' dir='ltr'><strong>clavatum</strong></span> <span class='ocrx_word' id='word_1_73' title='bbox 561 1119 606 1172; x_wconf 89' lang='lat' dir='ltr'><strong>est</strong></span> <span class='ocrx_word' id='word_1_74' title='bbox 620 1111 656 1172; x_wconf 90' lang='lat' dir='ltr'><strong>ad</strong></span> <span class='ocrx_word' id='word_1_75' title='bbox 670 1111 816 1173; x_wconf 88' lang='lat' dir='ltr'><strong>turbinem</strong></span> <span class='ocrx_word' id='word_1_76' title='bbox 830 1130 924 1191; x_wconf 90' lang='lat' dir='ltr'><strong>usqne</strong></span> <span class='ocrx_word' id='word_1_77' title='bbox 934 1111 1041 1172; x_wconf 88' lang='lat' dir='ltr'><strong>aculeis</strong></span> <span class='ocrx_word' id='word_1_78' title='bbox 1055 1111 1087 1172; x_wconf 95' lang='lat' dir='ltr'><strong>in</strong></span> <span class='ocrx_word' id='word_1_79' title='bbox 1103 1111 1205 1172; x_wconf 91' lang='lat' dir='ltr'><strong>orbem</strong></span> 
     </span>
     <span class='ocr_line' id='line_1_10' title="bbox 149 1195 1204 1279; baseline -0.003 -19"><span class='ocrx_word' id='word_1_80' title='bbox 149 1198 278 1279; x_wconf 87' lang='lat' dir='ltr'><strong>septenis</strong></span> <span class='ocrx_word' id='word_1_81' title='bbox 297 1199 356 1259; x_wconf 90' lang='lat' dir='ltr'><strong>lere</strong></span> <span class='ocrx_word' id='word_1_82' title='bbox 374 1197 424 1278; x_wconf 84' lang='lat' dir='ltr'><strong>qui</strong></span> <span class='ocrx_word' id='word_1_83' title='bbox 441 1215 504 1259; x_wconf 93' lang='lat' dir='ltr'><strong>non</strong></span> <span class='ocrx_word' id='word_1_84' title='bbox 519 1205 589 1258; x_wconf 88' lang='lat' dir='ltr'><strong>sunt</strong></span> <span class='ocrx_word' id='word_1_85' title='bbox 607 1196 727 1270; x_wconf 90' lang='lat' dir='ltr'><strong>bucino,</strong></span> <span class='ocrx_word' id='word_1_86' title='bbox 754 1197 806 1258; x_wconf 88' lang='lat' dir='ltr'><strong>sed</strong></span> <span class='ocrx_word' id='word_1_87' title='bbox 823 1196 955 1277; x_wconf 89' lang='lat' dir='ltr'><strong>utrisque</strong></span> <span class='ocrx_word' id='word_1_88' title='bbox 974 1195 1061 1257; x_wconf 91' lang='lat' dir='ltr'><strong>orbes</strong></span> <span class='ocrx_word' id='word_1_89' title='bbox 1081 1196 1204 1258; x_wconf 88' lang='lat' dir='ltr'><strong>totidem</strong></span> 
     </span>
     <span class='ocr_line' id='line_1_11' title="bbox 151 1280 1205 1364; baseline -0.003 -19"><span class='ocrx_word' id='word_1_90' title='bbox 151 1292 224 1364; x_wconf 84' lang='lat' dir='ltr'><strong>quot</strong></span> <span class='ocrx_word' id='word_1_91' title='bbox 237 1283 363 1345; x_wconf 80' lang='lat' dir='ltr'><strong>habeant</strong></span> <span class='ocrx_word' id='word_1_92' title='bbox 377 1300 481 1344; x_wconf 90' lang='lat' dir='ltr'><strong>annos.</strong></span> <span class='ocrx_word' id='word_1_93' title='bbox 517 1280 660 1343; x_wconf 89' lang='lat' dir='ltr'><strong>Bucinum</strong></span> <span class='ocrx_word' id='word_1_94' title='bbox 677 1281 799 1342; x_wconf 90' lang='lat' dir='ltr'><strong>nonnisi</strong></span> <span class='ocrx_word' id='word_1_95' title='bbox 813 1281 904 1362; x_wconf 91' lang='lat' dir='ltr'><strong>petris</strong></span> <span class='ocrx_word' id='word_1_96' title='bbox 919 1281 1057 1343; x_wconf 88' lang='lat' dir='ltr'><strong>adhaeret</strong></span> <span class='ocrx_word' id='word_1_97' title='bbox 1072 1281 1205 1362; x_wconf 66' lang='lat' dir='ltr'><strong>arcaque</strong></span> 
     </span>
     <span class='ocr_line' id='line_1_12' title="bbox 151 1367 754 1448; baseline -0.007 -18"><span class='ocrx_word' id='word_1_98' title='bbox 151 1367 290 1448; x_wconf 91' lang='lat' dir='ltr'><strong>scopulos</strong></span> <span class='ocrx_word' id='word_1_99' title='bbox 305 1368 417 1448; x_wconf 78' lang='lat' dir='ltr'><strong>legitur.</strong></span> <span class='ocrx_word' id='word_1_100' title='bbox 750 1429 754 1437; x_wconf 72' lang='grc'><strong>,</strong></span> 
     </span>
    </p>

    <p class='ocr_par' dir='ltr' id='par_1_4' title="bbox 82 1446 1205 1957">
     <span class='ocr_line' id='line_1_13' title="bbox 82 1446 1205 1533; baseline -0.004 -15"><span class='ocrx_word' id='word_1_101' title='bbox 82 1465 130 1518; x_wconf 82' lang='lat'><strong>132</strong></span> <span class='ocrx_word' id='word_1_102' title='bbox 236 1453 395 1533; x_wconf 85' lang='lat' dir='ltr'><strong>Capiuntur</strong></span> <span class='ocrx_word' id='word_1_103' title='bbox 416 1446 517 1514; x_wconf 80' lang='lat' dir='ltr'><strong>autem</strong></span> <span class='ocrx_word' id='word_1_104' title='bbox 542 1469 689 1531; x_wconf 91' lang='lat' dir='ltr'><strong>purpurae</strong></span> <span class='ocrx_word' id='word_1_105' title='bbox 714 1451 841 1531; x_wconf 77' lang='lat' dir='ltr'><strong>parrrrlis</strong></span> <span class='ocrx_word' id='word_1_106' title='bbox 867 1452 1000 1530; x_wconf 88' lang='lat' dir='ltr'><strong>rarisque</strong></span> <span class='ocrx_word' id='word_1_107' title='bbox 1018 1459 1101 1512; x_wconf 84' lang='lat' dir='ltr'><strong>textu</strong></span> <span class='ocrx_word' id='word_1_108' title='bbox 1119 1451 1205 1514; x_wconf 85' lang='lat' dir='ltr'><strong>vebrti</strong></span> 
     </span>
     <span class='ocr_line' id='line_1_14' title="bbox 150 1536 1205 1615; baseline -0.003 -14"><span class='ocrx_word' id='word_1_109' title='bbox 150 1537 247 1601; x_wconf 87' lang='lat' dir='ltr'><strong>nassis</strong></span> <span class='ocrx_word' id='word_1_110' title='bbox 262 1538 292 1599; x_wconf 92' lang='lat' dir='ltr'><strong>in</strong></span> <span class='ocrx_word' id='word_1_111' title='bbox 307 1539 364 1600; x_wconf 90' lang='lat' dir='ltr'><strong>alto</strong></span> <span class='ocrx_word' id='word_1_112' title='bbox 380 1537 476 1611; x_wconf 81' lang='lat' dir='ltr'><strong>iaotis3</strong></span> <span class='ocrx_word' id='word_1_113' title='bbox 490 1536 567 1598; x_wconf 90' lang='lat' dir='ltr'><strong>inest</strong></span> <span class='ocrx_word' id='word_1_114' title='bbox 580 1536 617 1598; x_wconf 89' lang='lat' dir='ltr'><strong>iis</strong></span> <span class='ocrx_word' id='word_1_115' title='bbox 632 1555 706 1608; x_wconf 87' lang='lat' dir='ltr'><strong>esca,</strong></span> <span class='ocrx_word' id='word_1_116' title='bbox 721 1537 835 1598; x_wconf 88' lang='lat' dir='ltr'><strong>clusiles</strong></span> <span class='ocrx_word' id='word_1_117' title='bbox 847 1537 1057 1615; x_wconf 84' lang='lat' dir='ltr'><strong>mordacesque</strong></span> <span class='ocrx_word' id='word_1_118' title='bbox 1068 1537 1205 1610; x_wconf 84' lang='lat' dir='ltr'><strong>conchae,</strong></span> 
     </span>
     <span class='ocr_line' id='line_1_15' title="bbox 151 1620 1204 1696; baseline -0.004 -11"><span class='ocrx_word' id='word_1_119' title='bbox 151 1643 204 1685; x_wconf 90' lang='lat' dir='ltr'><strong>ceu</strong></span> <span class='ocrx_word' id='word_1_120' title='bbox 228 1623 348 1685; x_wconf 91' lang='lat' dir='ltr'><strong>mitulos</strong></span> <span class='ocrx_word' id='word_1_121' title='bbox 373 1622 518 1696; x_wconf 82' lang='lat' dir='ltr'><strong>videmus3</strong></span> <span class='ocrx_word' id='word_1_122' title='bbox 543 1622 597 1682; x_wconf 88' lang='lat' dir='ltr'><strong>has</strong></span> <span class='ocrx_word' id='word_1_123' title='bbox 623 1623 785 1682; x_wconf 87' lang='lat' dir='ltr'><strong>semineces</strong></span> <span class='ocrx_word' id='word_1_124' title='bbox 808 1622 859 1683; x_wconf 90' lang='lat' dir='ltr'><strong>sed</strong></span> <span class='ocrx_word' id='word_1_125' title='bbox 879 1621 1007 1683; x_wconf 91' lang='lat' dir='ltr'><strong>redditas</strong></span> <span class='ocrx_word' id='word_1_126' title='bbox 1026 1620 1101 1681; x_wconf 89' lang='lat' dir='ltr'><strong>mari</strong></span> <span class='ocrx_word' id='word_1_127' title='bbox 1121 1621 1204 1683; x_wconf 87' lang='lat' dir='ltr'><strong>arido</strong></span> 
     </span>
     <span class='ocr_line' id='line_1_16' title="bbox 151 1705 1205 1787; baseline -0.002 -19"><span class='ocrx_word' id='word_1_128' title='bbox 151 1707 231 1771; x_wconf 87' lang='lat' dir='ltr'><strong>hiatu</strong></span> <span class='ocrx_word' id='word_1_129' title='bbox 249 1709 454 1770; x_wconf 86' lang='lat' dir='ltr'><strong>reviviscentes</strong></span> <span class='ocrx_word' id='word_1_130' title='bbox 474 1714 616 1787; x_wconf 92' lang='lat' dir='ltr'><strong>appetunt</strong></span> <span class='ocrx_word' id='word_1_131' title='bbox 634 1725 781 1786; x_wconf 87' lang='lat' dir='ltr'><strong>purpurae</strong></span> <span class='ocrx_word' id='word_1_132' title='bbox 794 1706 995 1787; x_wconf 88' lang='lat' dir='ltr'><strong>porrectisque</strong></span> <span class='ocrx_word' id='word_1_133' title='bbox 1008 1705 1117 1784; x_wconf 81' lang='lat' dir='ltr'><strong>linguis</strong></span> <span class='ocrx_word' id='word_1_134' title='bbox 1132 1705 1205 1766; x_wconf 86' lang='lat' dir='ltr'><strong>inlo-</strong></span> 
     </span>
     <span class='ocr_line' id='line_1_17' title="bbox 150 1790 1205 1872; baseline -0.003 -17"><span class='ocrx_word' id='word_1_135' title='bbox 150 1801 243 1866; x_wconf 88' lang='lat' dir='ltr'><strong>stant‚</strong></span> <span class='ocrx_word' id='word_1_136' title='bbox 263 1802 294 1855; x_wconf 92' lang='lat' dir='ltr'><strong>at</strong></span> <span class='ocrx_word' id='word_1_137' title='bbox 307 1793 370 1854; x_wconf 91' lang='lat' dir='ltr'><strong>illae</strong></span> <span class='ocrx_word' id='word_1_138' title='bbox 385 1793 485 1854; x_wconf 78' lang='lat' dir='ltr'><strong>acideo</strong></span> <span class='ocrx_word' id='word_1_139' title='bbox 499 1791 700 1852; x_wconf 82' lang='lat' dir='ltr'><strong>exstimulatae</strong></span> <span class='ocrx_word' id='word_1_140' title='bbox 715 1790 852 1853; x_wconf 92' lang='lat' dir='ltr'><strong>claudunt</strong></span> <span class='ocrx_word' id='word_1_141' title='bbox 866 1810 932 1852; x_wconf 87' lang='lat' dir='ltr'><strong>sese</strong></span> <span class='ocrx_word' id='word_1_142' title='bbox 947 1791 1205 1872; x_wconf 81' lang='lat' dir='ltr'><strong>comprimuntque</strong></span> 
     </span>
     <span class='ocr_line' id='line_1_18' title="bbox 152 1875 1101 1957; baseline -0.003 -18"><span class='ocrx_word' id='word_1_143' title='bbox 152 1878 328 1940; x_wconf 84' lang='lat' dir='ltr'><strong>mordentia:</strong></span> <span class='ocrx_word' id='word_1_144' title='bbox 348 1878 387 1939; x_wconf 88' lang='lat' dir='ltr'><strong>ita</strong></span> <span class='ocrx_word' id='word_1_145' title='bbox 402 1877 561 1957; x_wconf 90' lang='lat' dir='ltr'><strong>pendentes</strong></span> <span class='ocrx_word' id='word_1_146' title='bbox 576 1875 708 1936; x_wconf 84' lang='lat' dir='ltr'><strong>ariditate</strong></span> <span class='ocrx_word' id='word_1_147' title='bbox 723 1895 775 1936; x_wconf 94' lang='lat' dir='ltr'><strong>sua</strong></span> <span class='ocrx_word' id='word_1_148' title='bbox 791 1894 937 1956; x_wconf 91' lang='lat' dir='ltr'><strong>purpurae</strong></span> <span class='ocrx_word' id='word_1_149' title='bbox 950 1876 1101 1936; x_wconf 89' lang='lat' dir='ltr'><strong>tolluntur.</strong></span> 
     </span>
    </p>

    <p class='ocr_par' dir='ltr' id='par_1_5' title="bbox 83 1959 1205 2297">
     <span class='ocr_line' id='line_1_19' title="bbox 83 1959 1205 2041; baseline 0 -19"><span class='ocrx_word' id='word_1_150' title='bbox 83 1971 131 2023; x_wconf 76' lang='lat' dir='ltr'><strong>tao</strong></span> <span class='ocrx_word' id='word_1_151' title='bbox 235 1963 379 2023; x_wconf 81' lang='lat' dir='ltr'><strong>Eximitur</strong></span> <span class='ocrx_word' id='word_1_152' title='bbox 392 1968 494 2041; x_wconf 90' lang='lat' dir='ltr'><strong>postea</strong></span> <span class='ocrx_word' id='word_1_153' title='bbox 508 1978 580 2021; x_wconf 84' lang='lat' dir='ltr'><strong>rena</strong></span> <span class='ocrx_word' id='word_1_154' title='bbox 595 1979 682 2039; x_wconf 91' lang='lat' dir='ltr'><strong>quam</strong></span> <span class='ocrx_word' id='word_1_155' title='bbox 697 1959 838 2034; x_wconf 83' lang='lat' dir='ltr'><strong>diximus,</strong></span> <span class='ocrx_word' id='word_1_156' title='bbox 854 1961 900 2022; x_wconf 87' lang='lat' dir='ltr'><strong>cui</strong></span> <span class='ocrx_word' id='word_1_157' title='bbox 913 1959 980 2022; x_wconf 91' lang='lat' dir='ltr'><strong>addi</strong></span> <span class='ocrx_word' id='word_1_158' title='bbox 996 1961 1086 2021; x_wconf 88' lang='lat' dir='ltr'><strong>salem</strong></span> <span class='ocrx_word' id='word_1_159' title='bbox 1101 1978 1205 2022; x_wconf 88' lang='lat' dir='ltr'><strong>neces·</strong></span> 
     </span>
     <span class='ocr_line' id='line_1_20' title="bbox 151 2045 1205 2119; baseline 0 -11"><span class='ocrx_word' id='word_1_160' title='bbox 151 2047 274 2119; x_wconf 87' lang='lat' dir='ltr'><strong>sarium,</strong></span> <span class='ocrx_word' id='word_1_161' title='bbox 296 2047 437 2107; x_wconf 83' lang='lat' dir='ltr'><strong>sextarios</strong></span> <span class='ocrx_word' id='word_1_162' title='bbox 459 2047 549 2106; x_wconf 85' lang='lat' dir='ltr'><strong>ferme</strong></span> <span class='ocrx_word' id='word_1_163' title='bbox 569 2052 704 2106; x_wconf 87' lang='lat' dir='ltr'><strong>centenas</strong></span> <span class='ocrx_word' id='word_1_164' title='bbox 723 2045 753 2106; x_wconf 93' lang='lat' dir='ltr'><strong>in</strong></span> <span class='ocrx_word' id='word_1_165' title='bbox 767 2046 869 2117; x_wconf 88' lang='lat' dir='ltr'><strong>libras,</strong></span> <span class='ocrx_word' id='word_1_166' title='bbox 888 2045 1027 2106; x_wconf 90' lang='lat' dir='ltr'><strong>macerari</strong></span> <span class='ocrx_word' id='word_1_167' title='bbox 1043 2045 1143 2107; x_wconf 92' lang='lat' dir='ltr'><strong>triduo</strong></span> <span class='ocrx_word' id='word_1_168' title='bbox 1159 2046 1205 2108; x_wconf 92' lang='lat' dir='ltr'><strong>iu-</strong></span> 
     </span>
     <span class='ocr_line' id='line_1_21' title="bbox 151 2129 1204 2210; baseline 0 -19"><span class='ocrx_word' id='word_1_169' title='bbox 151 2138 240 2203; x_wconf 88' lang='lat' dir='ltr'><strong>stum,</strong></span> <span class='ocrx_word' id='word_1_170' title='bbox 255 2131 363 2210; x_wconf 88' lang='lat' dir='ltr'><strong>quippe</strong></span> <span class='ocrx_word' id='word_1_171' title='bbox 376 2138 458 2191; x_wconf 90' lang='lat' dir='ltr'><strong>tanto</strong></span> <span class='ocrx_word' id='word_1_172' title='bbox 473 2129 568 2191; x_wconf 94' lang='lat' dir='ltr'><strong>maior</strong></span> <span class='ocrx_word' id='word_1_173' title='bbox 580 2129 625 2189; x_wconf 87' lang='lat' dir='ltr'><strong>ris</strong></span> <span class='ocrx_word' id='word_1_174' title='bbox 639 2138 747 2210; x_wconf 86' lang='lat' dir='ltr'><strong>quanto</strong></span> <span class='ocrx_word' id='word_1_175' title='bbox 762 2130 921 2204; x_wconf 76' lang='lat' dir='ltr'><strong>recentior3</strong></span> <span class='ocrx_word' id='word_1_176' title='bbox 936 2131 1045 2191; x_wconf 81' lang='lat' dir='ltr'><strong>terrere</strong></span> <span class='ocrx_word' id='word_1_177' title='bbox 1059 2131 1091 2192; x_wconf 93' lang='lat' dir='ltr'><strong>in</strong></span> <span class='ocrx_word' id='word_1_178' title='bbox 1105 2131 1204 2210; x_wconf 94' lang='lat' dir='ltr'><strong>plum-</strong></span> 
     </span>
     <span class='ocr_line' id='line_1_22' title="bbox 149 2214 1205 2297; baseline 0.002 -22"><span class='ocrx_word' id='word_1_179' title='bbox 149 2214 189 2275; x_wconf 96' lang='lat' dir='ltr'><strong>bo</strong></span> <span class='ocrx_word' id='word_1_180' title='bbox 204 2214 391 2295; x_wconf 83' lang='lat' dir='ltr'><strong>singulasque</strong></span> <span class='ocrx_word' id='word_1_181' title='bbox 405 2214 562 2293; x_wconf 92' lang='lat' dir='ltr'><strong>amphoras</strong></span> <span class='ocrx_word' id='word_1_182' title='bbox 576 2221 712 2276; x_wconf 87' lang='lat' dir='ltr'><strong>centenas</strong></span> <span class='ocrx_word' id='word_1_183' title='bbox 727 2216 763 2277; x_wconf 92' lang='lat' dir='ltr'><strong>ad</strong></span> <span class='ocrx_word' id='word_1_184' title='bbox 779 2216 986 2297; x_wconf 83' lang='lat' dir='ltr'><strong>quingentenas</strong></span> <span class='ocrx_word' id='word_1_185' title='bbox 1002 2215 1205 2277; x_wconf 90' lang='lat' dir='ltr'><strong>medicaminis</strong></span> 
     </span>
    </p>
   </div>
   <div class='ocr_carea' id='block_1_3' title="bbox 122 2383 1210 4082">
    <p class='ocr_par' dir='ltr' id='par_1_6' title="bbox 150 2383 1210 2519">
     <span class='ocr_line' id='line_1_23' title="bbox 150 2383 1210 2450; baseline 0 -16"><span class='ocrx_word' id='word_1_186' title='bbox 150 2398 224 2434; x_wconf 83' lang='lat' dir='ltr'><strong>wozu</strong></span> <span class='ocrx_word' id='word_1_187' title='bbox 239 2384 333 2434; x_wconf 84' lang='lat' dir='ltr'><strong>endere</strong></span> <span class='ocrx_word' id='word_1_188' title='bbox 348 2383 420 2435; x_wconf 76' lang='lat' dir='ltr'><strong>stlte</strong></span> <span class='ocrx_word' id='word_1_189' title='bbox 438 2389 652 2448; x_wconf 74' lang='lat' dir='ltr'><strong>zugesetztwur-</strong></span> <span class='ocrx_word' id='word_1_190' title='bbox 738 2383 808 2450; x_wconf 73' lang='lat' dir='ltr'><strong>quod</strong></span> <span class='ocrx_word' id='word_1_191' title='bbox 832 2384 950 2447; x_wconf 72' lang='lat' dir='ltr'><strong>kanaam,</strong></span> <span class='ocrx_word' id='word_1_192' title='bbox 982 2383 1028 2434; x_wconf 88' lang='lat' dir='ltr'><strong>der</strong></span> <span class='ocrx_word' id='word_1_193' title='bbox 1057 2383 1210 2448; x_wconf 79' lang='lat' dir='ltr'><strong>Conjunctiv</strong></span> 
     </span>
     <span class='ocr_line' id='line_1_24' title="bbox 150 2450 1208 2519; baseline 0.001 -18"><span class='ocrx_word' id='word_1_194' title='bbox 150 2451 207 2517; x_wconf 86' lang='lat' dir='ltr'><strong>den,</strong></span> <span class='ocrx_word' id='word_1_195' title='bbox 219 2450 245 2518; x_wconf 66' lang='grc' dir='ltr'><strong>ξ.</strong></span> <span class='ocrx_word' id='word_1_196' title='bbox 259 2451 315 2504; x_wconf 83' lang='grc'><strong>129.</strong></span> <span class='ocrx_word' id='word_1_197' title='bbox 328 2451 537 2519; x_wconf 64' lang='lat' dir='ltr'><strong>th=qnibus</strong></span> <span class='ocrx_word' id='word_1_198' title='bbox 705 2452 780 2512; x_wconf 80' lang='lat' dir='ltr'><strong>steht,</strong></span> <span class='ocrx_word' id='word_1_199' title='bbox 789 2451 848 2502; x_wconf 85' lang='lat' dir='ltr'><strong>weil</strong></span> <span class='ocrx_word' id='word_1_200' title='bbox 856 2467 885 2502; x_wconf 87' lang='lat' dir='ltr'><strong>es</strong></span> <span class='ocrx_word' id='word_1_201' title='bbox 893 2452 1053 2502; x_wconf 86' lang='lat' dir='ltr'><strong>unhestimmt</strong></span> <span class='ocrx_word' id='word_1_202' title='bbox 1062 2451 1150 2516; x_wconf 86' lang='lat' dir='ltr'><strong>bleibt,</strong></span> <span class='ocrx_word' id='word_1_203' title='bbox 1158 2452 1208 2502; x_wconf 80' lang='lat' dir='ltr'><strong>wic</strong></span> 
     </span>
    </p>

    <p class='ocr_par' dir='ltr' id='par_1_7' title="bbox 150 2517 1208 2720">
     <span class='ocr_line' id='line_1_25' title="bbox 183 2517 1207 2591; baseline -0.002 -20"><span class='ocrx_word' id='word_1_204' title='bbox 183 2523 266 2586; x_wconf 66' lang='lat' dir='ltr'><strong>airus,</strong></span> <span class='ocrx_word' id='word_1_205' title='bbox 285 2520 394 2572; x_wconf 82' lang='lat' dir='ltr'><strong>Martini.</strong></span> <span class='ocrx_word' id='word_1_206' title='bbox 414 2520 441 2581; x_wconf 88' lang='lat'><strong>1,</strong></span> <span class='ocrx_word' id='word_1_207' title='bbox 458 2519 504 2583; x_wconf 88' lang='grc'><strong>50,</strong></span> <span class='ocrx_word' id='word_1_208' title='bbox 521 2518 554 2569; x_wconf 87' lang='grc'><strong>32</strong></span> <span class='ocrx_word' id='word_1_209' title='bbox 572 2517 653 2570; x_wconf 81' lang='lat' dir='ltr'><strong>olidae</strong></span> <span class='ocrx_word' id='word_1_210' title='bbox 681 2576 687 2591; x_wconf 30' lang='grc' dir='ltr'><strong><em>ο</em></strong></span> <span class='ocrx_word' id='word_1_211' title='bbox 704 2519 770 2570; x_wconf 83' lang='lat' dir='ltr'><strong>rielc</strong></span> <span class='ocrx_word' id='word_1_212' title='bbox 783 2520 858 2569; x_wconf 86' lang='lat' dir='ltr'><strong>lahrc</strong></span> <span class='ocrx_word' id='word_1_213' title='bbox 873 2521 966 2584; x_wconf 68' lang='lat' dir='ltr'><strong>gerade</strong></span> <span class='ocrx_word' id='word_1_214' title='bbox 983 2520 1051 2570; x_wconf 86' lang='lat' dir='ltr'><strong>diesc</strong></span> <span class='ocrx_word' id='word_1_215' title='bbox 1070 2520 1133 2570; x_wconf 86' lang='lat' dir='ltr'><strong>oder</strong></span> <span class='ocrx_word' id='word_1_216' title='bbox 1145 2520 1207 2584; x_wconf 85' lang='lat' dir='ltr'><strong>jene</strong></span> 
     </span>
     <span class='ocr_line' id='line_1_26' title="bbox 150 2586 1207 2654; baseline -0.004 -14"><span class='ocrx_word' id='word_1_217' title='bbox 150 2593 221 2640; x_wconf 77' lang='lat' dir='ltr'><strong>ceste</strong></span> <span class='ocrx_word' id='word_1_218' title='bbox 234 2592 339 2654; x_wconf 80' lang='lat' dir='ltr'><strong>murice,</strong></span> <span class='ocrx_word' id='word_1_219' title='bbox 359 2591 406 2639; x_wconf 90' lang='lat' dir='ltr'><strong>der</strong></span> <span class='ocrx_word' id='word_1_220' title='bbox 421 2588 520 2640; x_wconf 89' lang='lat' dir='ltr'><strong>Gornch</strong></span> <span class='ocrx_word' id='word_1_221' title='bbox 536 2602 590 2637; x_wconf 84' lang='lat' dir='ltr'><strong>war</strong></span> <span class='ocrx_word' id='word_1_222' title='bbox 604 2603 651 2637; x_wconf 92' lang='lat' dir='ltr'><strong>un·</strong></span> <span class='ocrx_word' id='word_1_223' title='bbox 704 2586 833 2637; x_wconf 82' lang='lat' dir='ltr'><strong>Schneokc</strong></span> <span class='ocrx_word' id='word_1_224' title='bbox 846 2588 896 2651; x_wconf 82' lang='lat' dir='ltr'><strong>hat,</strong></span> <span class='ocrx_word' id='word_1_225' title='bbox 909 2603 937 2638; x_wconf 89' lang='lat' dir='ltr'><strong>so</strong></span> <span class='ocrx_word' id='word_1_226' title='bbox 950 2588 1009 2637; x_wconf 85' lang='lat' dir='ltr'><strong>dass</strong></span> <span class='ocrx_word' id='word_1_227' title='bbox 1020 2603 1076 2637; x_wconf 89' lang='lat' dir='ltr'><strong>man</strong></span> <span class='ocrx_word' id='word_1_228' title='bbox 1090 2588 1132 2637; x_wconf 87' lang='lat' dir='ltr'><strong>die</strong></span> <span class='ocrx_word' id='word_1_229' title='bbox 1144 2586 1207 2638; x_wconf 82' lang='lat' dir='ltr'><strong>Zshl</strong></span> 
     </span>
     <span class='ocr_line' id='line_1_27' title="bbox 150 2655 1208 2720; baseline -0.002 -13"><span class='ocrx_word' id='word_1_230' title='bbox 150 2658 295 2720; x_wconf 78' lang='lat' dir='ltr'><strong>angenehm.</strong></span> <span class='ocrx_word' id='word_1_231' title='bbox 704 2655 837 2706; x_wconf 84' lang='lat' dir='ltr'><strong>dersclben</strong></span> <span class='ocrx_word' id='word_1_232' title='bbox 854 2669 900 2704; x_wconf 84' lang='lat' dir='ltr'><strong>aus</strong></span> <span class='ocrx_word' id='word_1_233' title='bbox 921 2656 968 2705; x_wconf 92' lang='lat' dir='ltr'><strong>den</strong></span> <span class='ocrx_word' id='word_1_234' title='bbox 986 2655 1148 2720; x_wconf 71' lang='lat' dir='ltr'><strong>Windnngen</strong></span> <span class='ocrx_word' id='word_1_235' title='bbox 1166 2670 1208 2705; x_wconf 86' lang='lat' dir='ltr'><strong>er-</strong></span> 
     </span>
    </p>

    <p class='ocr_par' dir='ltr' id='par_1_8' title="bbox 149 2722 1209 3198">
     <span class='ocr_line' id='line_1_28' title="bbox 187 2722 1208 2790; baseline 0 -16"><span class='ocrx_word' id='word_1_236' title='bbox 187 2724 242 2775; x_wconf 82' lang='lat'>130.</span> <span class='ocrx_word' id='word_1_237' title='bbox 272 2728 391 2777; x_wconf 73' lang='lat' dir='ltr'><strong>hrocimmo</strong></span> <span class='ocrx_word' id='word_1_238' title='bbox 412 2726 482 2788; x_wconf 89' lang='lat' dir='ltr'><strong>(oder</strong></span> <span class='ocrx_word' id='word_1_239' title='bbox 502 2724 589 2786; x_wconf 67' lang='lat' dir='ltr'><strong>dcccl,</strong></span> <span class='ocrx_word' id='word_1_240' title='bbox 611 2723 651 2772; x_wconf 88' lang='lat' dir='ltr'><strong>dic</strong></span> <span class='ocrx_word' id='word_1_241' title='bbox 704 2722 802 2774; x_wconf 77' lang='lat' dir='ltr'><strong>kennen</strong></span> <span class='ocrx_word' id='word_1_242' title='bbox 823 2723 897 2772; x_wconf 83' lang='lat' dir='ltr'><strong>kann.</strong></span> <span class='ocrx_word' id='word_1_243' title='bbox 924 2723 958 2773; x_wconf 91' lang='lat' dir='ltr'><strong>So</strong></span> <span class='ocrx_word' id='word_1_244' title='bbox 978 2722 1019 2786; x_wconf 84' lang='grc'><strong>31,</strong></span> <span class='ocrx_word' id='word_1_245' title='bbox 1038 2722 1086 2772; x_wconf 83' lang='grc'><strong>122</strong></span> <span class='ocrx_word' id='word_1_246' title='bbox 1108 2725 1208 2790; x_wconf 72' lang='lat' dir='ltr'><strong>quotics</strong></span> 
     </span>
     <span class='ocr_line' id='line_1_29' title="bbox 150 2789 1208 2860; baseline 0 -18"><span class='ocrx_word' id='word_1_247' title='bbox 150 2791 435 2859; x_wconf 79' lang='lat' dir='ltr'><strong>Trompetersohneckc,</strong></span> <span class='ocrx_word' id='word_1_248' title='bbox 453 2793 509 2842; x_wconf 89' lang='lat' dir='ltr'><strong>eine</strong></span> <span class='ocrx_word' id='word_1_249' title='bbox 526 2792 571 2840; x_wconf 87' lang='lat' dir='ltr'><strong>der</strong></span> <span class='ocrx_word' id='word_1_250' title='bbox 587 2790 651 2839; x_wconf 86' lang='lat' dir='ltr'><strong>Buc-</strong></span> <span class='ocrx_word' id='word_1_251' title='bbox 706 2806 770 2860; x_wconf 73' lang='lat' dir='ltr'><strong>opus</strong></span> <span class='ocrx_word' id='word_1_252' title='bbox 786 2794 821 2841; x_wconf 81' lang='lat' dir='ltr'><strong>rit</strong></span> <span class='ocrx_word' id='word_1_253' title='bbox 836 2789 931 2841; x_wconf 73' lang='lat' dir='ltr'><strong>molliri</strong></span> <span class='ocrx_word' id='word_1_254' title='bbox 946 2794 997 2841; x_wconf 76' lang='lat' dir='ltr'><strong>ta&#39;m</strong></span> <span class='ocrx_word' id='word_1_255' title='bbox 1012 2794 1080 2855; x_wconf 74' lang='lat' dir='ltr'><strong>mles,</strong></span> <span class='ocrx_word' id='word_1_256' title='bbox 1096 2791 1149 2842; x_wconf 81' lang='lat' dir='ltr'><strong>mel</strong></span> <span class='ocrx_word' id='word_1_257' title='bbox 1163 2789 1208 2842; x_wconf 84' lang='lat' dir='ltr'><strong>ad·</strong></span> 
     </span>
     <span class='ocr_line' id='line_1_30' title="bbox 151 2851 1208 2926; baseline 0.003 -17"><span class='ocrx_word' id='word_1_258' title='bbox 151 2860 277 2924; x_wconf 88' lang='lat' dir='ltr'><strong>einoiden,</strong></span> <span class='ocrx_word' id='word_1_259' title='bbox 294 2859 497 2911; x_wconf 85' lang='lat' dir='ltr'><strong>wahrscheinlich</strong></span> <span class='ocrx_word' id='word_1_260' title='bbox 512 2858 651 2908; x_wconf 87' lang='lat' dir='ltr'><strong>buccinium</strong></span> <span class='ocrx_word' id='word_1_261' title='bbox 704 2861 847 2926; x_wconf 73' lang='lat' dir='ltr'><strong>spargitur,</strong></span> <span class='ocrx_word' id='word_1_262' title='bbox 867 2873 908 2907; x_wconf 88' lang='lat' dir='ltr'><strong>wo</strong></span> <span class='ocrx_word' id='word_1_263' title='bbox 928 2859 961 2909; x_wconf 86' lang='lat' dir='ltr'><strong>im</strong></span> <span class='ocrx_word' id='word_1_264' title='bbox 977 2858 1157 2909; x_wconf 85' lang='lat' dir='ltr'><strong>Griechischen</strong></span> <span class='ocrx_word' id='word_1_265' title='bbox 1172 2851 1208 2912; x_wconf 73' lang='grc' dir='ltr'><strong>ἄν</strong></span> 
     </span>
     <span class='ocr_line' id='line_1_31' title="bbox 149 2925 1207 2994; baseline 0.001 -18"><span class='ocrx_word' id='word_1_266' title='bbox 149 2927 263 2992; x_wconf 83' lang='lat' dir='ltr'><strong>lapillus,</strong></span> <span class='ocrx_word' id='word_1_267' title='bbox 284 2943 323 2990; x_wconf 75' lang='lat' dir='ltr'><strong>gr.</strong></span> <span class='ocrx_word' id='word_1_268' title='bbox 343 2929 434 2994; x_wconf 79' lang='grc' dir='ltr'><strong><em>κῆρυξ.</em></strong></span> <span class='ocrx_word' id='word_1_269' title='bbox 458 2926 495 2976; x_wconf 82' lang='lat' dir='ltr'><strong>ad</strong></span> <span class='ocrx_word' id='word_1_270' title='bbox 508 2954 541 2961; x_wconf 98' lang='lat'><strong>—</strong></span> <span class='ocrx_word' id='word_1_271' title='bbox 558 2925 651 2976; x_wconf 75' lang='lat' dir='ltr'><strong>editior.</strong></span> <span class='ocrx_word' id='word_1_272' title='bbox 704 2927 793 2976; x_wconf 83' lang='lat' dir='ltr'><strong>stehon</strong></span> <span class='ocrx_word' id='word_1_273' title='bbox 810 2926 905 2976; x_wconf 86' lang='lat' dir='ltr'><strong>wiirdc.</strong></span> <span class='ocrx_word' id='word_1_274' title='bbox 928 2927 1036 2977; x_wconf 83' lang='lat' dir='ltr'><strong>Aristot.</strong></span> <span class='ocrx_word' id='word_1_275' title='bbox 1053 2926 1076 2975; x_wconf 88' lang='lat' dir='ltr'><strong>h.</strong></span> <span class='ocrx_word' id='word_1_276' title='bbox 1092 2927 1167 2978; x_wconf 83' lang='lat' dir='ltr'><strong>anim.</strong></span> <span class='ocrx_word' id='word_1_277' title='bbox 1182 2928 1207 2992; x_wconf 93' lang='grc'><strong>5,</strong></span> 
     </span>
     <span class='ocr_line' id='line_1_32' title="bbox 149 2988 1209 3065; baseline 0.002 -23"><span class='ocrx_word' id='word_1_278' title='bbox 149 2992 265 3042; x_wconf 86' lang='lat' dir='ltr'><strong>bucinum</strong></span> <span class='ocrx_word' id='word_1_279' title='bbox 278 2995 340 3044; x_wconf 91' lang='lat' dir='ltr'><strong>oder</strong></span> <span class='ocrx_word' id='word_1_280' title='bbox 351 2995 448 3058; x_wconf 83' lang='lat' dir='ltr'><strong>bucina,</strong></span> <span class='ocrx_word' id='word_1_281' title='bbox 464 2994 504 3044; x_wconf 90' lang='lat' dir='ltr'><strong>eiu</strong></span> <span class='ocrx_word' id='word_1_282' title='bbox 516 2993 651 3056; x_wconf 74' lang='lat' dir='ltr'><strong>gewunde·</strong></span> <span class='ocrx_word' id='word_1_283' title='bbox 706 2992 738 3043; x_wconf 92' lang='grc'><strong>15</strong></span> <span class='ocrx_word' id='word_1_284' title='bbox 760 3009 784 3059; x_wconf 71' lang='grc' dir='ltr'><strong>ρ.</strong></span> <span class='ocrx_word' id='word_1_285' title='bbox 807 2994 888 3057; x_wconf 70' lang='lat'><strong>5471,⁸</strong></span> <span class='ocrx_word' id='word_1_286' title='bbox 908 2994 938 3064; x_wconf 79' lang='grc' dir='ltr'><strong>ζῇ</strong></span> <span class='ocrx_word' id='word_1_287' title='bbox 958 2990 1014 3062; x_wconf 74' lang='grc' dir='ltr'><strong>γὰρ</strong></span> <span class='ocrx_word' id='word_1_288' title='bbox 1034 2988 1051 3059; x_wconf 81' lang='grc' dir='ltr'><em>ἡ</em></span> <span class='ocrx_word' id='word_1_289' title='bbox 1071 3011 1111 3045; x_wconf 86' lang='grc' dir='ltr'><strong>πο</strong></span> <span class='ocrx_word' id='word_1_290' title='bbox 1155 2989 1209 3065; x_wconf 78' lang='lat' dir='ltr'><strong>siper</strong></span> 
     </span>
     <span class='ocr_line' id='line_1_33' title="bbox 150 3058 1209 3131; baseline 0.002 -21"><span class='ocrx_word' id='word_1_291' title='bbox 150 3075 196 3110; x_wconf 87' lang='lat' dir='ltr'><strong>nes</strong></span> <span class='ocrx_word' id='word_1_292' title='bbox 207 3060 284 3125; x_wconf 83' lang='lat' dir='ltr'><strong>Horo,</strong></span> <span class='ocrx_word' id='word_1_293' title='bbox 297 3061 415 3111; x_wconf 78' lang='lat' dir='ltr'><strong>withrend</strong></span> <span class='ocrx_word' id='word_1_294' title='bbox 431 3062 471 3111; x_wconf 87' lang='lat' dir='ltr'><strong>die</strong></span> <span class='ocrx_word' id='word_1_295' title='bbox 487 3060 547 3110; x_wconf 86' lang='lat' dir='ltr'><strong>tuba</strong></span> <span class='ocrx_word' id='word_1_296' title='bbox 558 3060 651 3122; x_wconf 78' lang='lat' dir='ltr'><strong>gerade</strong></span> <span class='ocrx_word' id='word_1_297' title='bbox 704 3063 770 3131; x_wconf 79' lang='grc' dir='ltr'><strong>περὶ</strong></span> <span class='ocrx_word' id='word_1_298' title='bbox 776 3059 820 3125; x_wconf 82' lang='grc' dir='ltr'><strong>ἔτη</strong></span> <span class='ocrx_word' id='word_1_299' title='bbox 826 3059 913 3124; x_wconf 58' lang='lat' dir='ltr'><strong>taxat</strong></span> <span class='ocrx_word' id='word_1_300' title='bbox 919 3058 981 3114; x_wconf 77' lang='grc' dir='ltr'><strong><em>καθ’</em></strong></span> <span class='ocrx_word' id='word_1_301' title='bbox 990 3060 1108 3114; x_wconf 77' lang='grc' dir='ltr'><strong><em>ἕκαστον</em></strong></span> <span class='ocrx_word' id='word_1_302' title='bbox 1131 3079 1209 3115; x_wconf 74' lang='lat' dir='ltr'><strong>vroro-</strong></span> 
     </span>
     <span class='ocr_line' id='line_1_34' title="bbox 149 3122 1209 3198; baseline 0.002 -20"><span class='ocrx_word' id='word_1_303' title='bbox 149 3126 268 3193; x_wconf 76' lang='lat' dir='ltr'><strong>lortging.</strong></span> <span class='ocrx_word' id='word_1_304' title='bbox 704 3124 754 3180; x_wconf 81' lang='grc' dir='ltr'><strong>τὸν</strong></span> <span class='ocrx_word' id='word_1_305' title='bbox 769 3126 877 3198; x_wconf 77' lang='grc' dir='ltr'><em>φανερά</em></span> <span class='ocrx_word' id='word_1_306' title='bbox 893 3125 1001 3195; x_wconf 72' lang='grc' dir='ltr'><strong><em>ἐστινὴ</em></strong></span> <span class='ocrx_word' id='word_1_307' title='bbox 1019 3122 1133 3194; x_wconf 76' lang='grc' dir='ltr'><strong><em>αὔξησις</em></strong></span> <span class='ocrx_word' id='word_1_308' title='bbox 1149 3133 1209 3187; x_wconf 81' lang='grc' dir='ltr'><strong><em>τοῖς</em></strong></span> 
     </span>
    </p>

    <p class='ocr_par' dir='ltr' id='par_1_9' title="bbox 122 3193 1207 3324">
     <span class='ocr_line' id='line_1_35' title="bbox 122 3193 1207 3316; baseline 0.036 -106"><span class='ocrx_word' id='word_1_309' title='bbox 122 3208 124 3210; x_wconf 78' lang='grc'><strong>,</strong></span> <span class='ocrx_word' id='word_1_310' title='bbox 149 3211 312 3314; x_wconf 40' lang='lat' dir='ltr'><strong>“zui-pura,</strong></span> <span class='ocrx_word' id='word_1_311' title='bbox 327 3211 415 3246; x_wconf 83' lang='lat' dir='ltr'><strong>murex</strong></span> <span class='ocrx_word' id='word_1_312' title='bbox 437 3194 568 3246; x_wconf 84' lang='lat' dir='ltr'><strong>brandaris</strong></span> <span class='ocrx_word' id='word_1_313' title='bbox 590 3194 651 3245; x_wconf 89' lang='lat' dir='ltr'><strong>oder</strong></span> <span class='ocrx_word' id='word_1_314' title='bbox 704 3193 878 3316; x_wconf 54' lang='lat' dir='ltr'><strong>l!“l{ll⁴“⁶‘</strong></span> <span class='ocrx_word' id='word_1_315' title='bbox 898 3201 957 3255; x_wconf 83' lang='grc' dir='ltr'><em>τοῖς</em></span> <span class='ocrx_word' id='word_1_316' title='bbox 973 3196 1004 3249; x_wconf 76' lang='lat' dir='ltr'><strong>lv</strong></span> <span class='ocrx_word' id='word_1_317' title='bbox 1023 3199 1062 3264; x_wconf 82' lang='grc' dir='ltr'><strong>τῷ</strong></span> <span class='ocrx_word' id='word_1_318' title='bbox 1078 3193 1207 3270; x_wconf 79' lang='grc' dir='ltr'><em>ὀστράκῳ</em></span> 
     </span>
     <span class='ocr_line' id='line_1_36' title="bbox 200 3280 859 3324; baseline 0.005 -10"><span class='ocrx_word' id='word_1_319' title='bbox 200 3280 266 3314; x_wconf 89' lang='lat' dir='ltr'><strong>uns.</strong></span> <span class='ocrx_word' id='word_1_320' title='bbox 703 3283 719 3316; x_wconf 87' lang='grc' dir='ltr'><em>τ</em></span> <span class='ocrx_word' id='word_1_321' title='bbox 738 3281 775 3323; x_wconf 68' lang='lat' dir='ltr'><strong>ce</strong></span> <span class='ocrx_word' id='word_1_322' title='bbox 793 3283 859 3324; x_wconf 72' lang='grc' dir='ltr'><strong><em>ικος.</em></strong></span> 
     </span>
    </p>

    <p class='ocr_par' dir='ltr' id='par_1_10' title="bbox 147 3286 1207 3674">
     <span class='ocr_line' id='line_1_37' title="bbox 184 3286 1207 3401; baseline 0.003 -18"><span class='ocrx_word' id='word_1_323' title='bbox 184 3348 234 3399; x_wconf 80' lang='lat' dir='ltr'><strong>pcc</strong></span> <span class='ocrx_word' id='word_1_324' title='bbox 248 3333 417 3400; x_wconf 77' lang='lat' dir='ltr'><strong>proferatur,</strong></span> <span class='ocrx_word' id='word_1_325' title='bbox 436 3347 476 3381; x_wconf 92' lang='lat' dir='ltr'><strong>um</strong></span> <span class='ocrx_word' id='word_1_326' title='bbox 490 3332 598 3382; x_wconf 83' lang='lat' dir='ltr'><strong>dcdnmh</strong></span> <span class='ocrx_word' id='word_1_327' title='bbox 610 3331 651 3382; x_wconf 91' lang='lat' dir='ltr'><strong>die</strong></span> <span class='ocrx_word' id='word_1_328' title='bbox 720 3286 853 3399; x_wconf 65' lang='lat' dir='ltr'><strong>locantes,</strong></span> <span class='ocrx_word' id='word_1_329' title='bbox 870 3334 911 3385; x_wconf 91' lang='lat' dir='ltr'><strong>die</strong></span> <span class='ocrx_word' id='word_1_330' title='bbox 927 3333 1089 3401; x_wconf 72' lang='lat' dir='ltr'><strong>Mytilnceem</strong></span> <span class='ocrx_word' id='word_1_331' title='bbox 1114 3334 1207 3386; x_wconf 82' lang='lat' dir='ltr'><strong>hliess·</strong></span> 
     </span>
     <span class='ocr_line' id='line_1_38' title="bbox 149 3398 839 3466; baseline 0.003 -15"><span class='ocrx_word' id='word_1_332' title='bbox 149 3399 237 3465; x_wconf 79' lang='lat' dir='ltr'><strong>Znnge</strong></span> <span class='ocrx_word' id='word_1_333' title='bbox 249 3399 454 3450; x_wconf 82' lang='lat' dir='ltr'><strong>nuszustrcoken.</strong></span> <span class='ocrx_word' id='word_1_334' title='bbox 466 3398 490 3466; x_wconf 62' lang='lat'><strong>5.</strong></span> <span class='ocrx_word' id='word_1_335' title='bbox 503 3398 551 3449; x_wconf 79' lang='lat'><strong>128</strong></span> <span class='ocrx_word' id='word_1_336' title='bbox 562 3400 652 3466; x_wconf 71' lang='lat' dir='ltr'><strong>bingam</strong></span> <span class='ocrx_word' id='word_1_337' title='bbox 702 3403 839 3453; x_wconf 86' lang='lat' dir='ltr'><strong>mnseheln.</strong></span> 
     </span>
     <span class='ocr_line' id='line_1_39' title="bbox 147 3466 1207 3539; baseline 0.003 -19"><span class='ocrx_word' id='word_1_338' title='bbox 147 3484 281 3539; x_wconf 81' lang='lat' dir='ltr'><strong>purpurae</strong></span> <span class='ocrx_word' id='word_1_339' title='bbox 296 3466 457 3532; x_wconf 75' lang='lat' dir='ltr'><strong>longitudine</strong></span> <span class='ocrx_word' id='word_1_340' title='bbox 473 3467 584 3533; x_wconf 71' lang='lat' dir='ltr'><strong>digitali,</strong></span> <span class='ocrx_word' id='word_1_341' title='bbox 600 3484 651 3534; x_wconf 82' lang='lat' dir='ltr'><strong>pua</strong></span> <span class='ocrx_word' id='word_1_342' title='bbox 735 3470 888 3533; x_wconf 79' lang='lat' dir='ltr'><strong>mordentia,</strong></span> <span class='ocrx_word' id='word_1_343' title='bbox 897 3485 951 3520; x_wconf 85' lang='lat' dir='ltr'><strong>was</strong></span> <span class='ocrx_word' id='word_1_344' title='bbox 961 3470 998 3520; x_wconf 86' lang='lat' dir='ltr'><strong>sie</strong></span> <span class='ocrx_word' id='word_1_345' title='bbox 1008 3470 1207 3537; x_wconf 63' lang='lat' dir='ltr'><strong>schmcntdh</strong></span> 
     </span>
     <span class='ocr_line' id='line_1_40' title="bbox 148 3534 1207 3608; baseline 0.002 -20"><span class='ocrx_word' id='word_1_346' title='bbox 148 3541 264 3608; x_wconf 74' lang='lat' dir='ltr'><strong>pascitur</strong></span> <span class='ocrx_word' id='word_1_347' title='bbox 274 3534 472 3605; x_wconf 74' lang='lat' dir='ltr'><strong>performido-</strong></span> <span class='ocrx_word' id='word_1_348' title='bbox 481 3535 579 3603; x_wconf 74' lang='lat' dir='ltr'><strong>reliqua</strong></span> <span class='ocrx_word' id='word_1_349' title='bbox 589 3552 645 3588; x_wconf 85' lang='lat' dir='ltr'><strong>cco·</strong></span> <span class='ocrx_word' id='word_1_350' title='bbox 702 3538 742 3589; x_wconf 88' lang='lat' dir='ltr'><strong>die</strong></span> <span class='ocrx_word' id='word_1_351' title='bbox 754 3538 841 3602; x_wconf 78' lang='lat' dir='ltr'><strong>Zunge</strong></span> <span class='ocrx_word' id='word_1_352' title='bbox 853 3539 899 3588; x_wconf 85' lang='lat' dir='ltr'><strong>der</strong></span> <span class='ocrx_word' id='word_1_353' title='bbox 909 3537 1140 3604; x_wconf 81' lang='lat' dir='ltr'><strong>Purpurschneche,</strong></span> <span class='ocrx_word' id='word_1_354' title='bbox 1153 3540 1207 3590; x_wconf 80' lang='lat' dir='ltr'><strong>hal·</strong></span> 
     </span>
     <span class='ocr_line' id='line_1_41' title="bbox 150 3603 862 3674; baseline 0.001 -18"><span class='ocrx_word' id='word_1_355' title='bbox 150 3605 245 3674; x_wconf 53' lang='lat' dir='ltr'><strong>clylia</strong></span> <span class='ocrx_word' id='word_1_356' title='bbox 267 3608 340 3654; x_wconf 79' lang='lat' dir='ltr'><strong>tantu</strong></span> <span class='ocrx_word' id='word_1_357' title='bbox 359 3604 456 3656; x_wconf 81' lang='lat' dir='ltr'><strong>duritia</strong></span> <span class='ocrx_word' id='word_1_358' title='bbox 466 3603 553 3655; x_wconf 82' lang='lat' dir='ltr'><strong>aculeo</strong></span> <span class='ocrx_word' id='word_1_359' title='bbox 563 3609 648 3654; x_wconf 75' lang='lat' dir='ltr'><strong>cet—</strong></span> <span class='ocrx_word' id='word_1_360' title='bbox 703 3613 744 3657; x_wconf 85' lang='lat' dir='ltr'><strong>ten</strong></span> <span class='ocrx_word' id='word_1_361' title='bbox 757 3608 794 3657; x_wconf 85' lang='lat' dir='ltr'><strong>sie</strong></span> <span class='ocrx_word' id='word_1_362' title='bbox 804 3605 862 3657; x_wconf 84' lang='lat' dir='ltr'><strong>lest</strong></span> 
     </span>
    </p>

    <p class='ocr_par' dir='ltr' id='par_1_11' title="bbox 183 3671 1208 3737">
     <span class='ocr_line' id='line_1_42' title="bbox 183 3671 1208 3737; baseline 0.003 -13"><span class='ocrx_word' id='word_1_363' title='bbox 183 3687 296 3737; x_wconf 67' lang='lat' dir='ltr'><strong>comere,</strong></span> <span class='ocrx_word' id='word_1_364' title='bbox 309 3672 375 3723; x_wconf 86' lang='lat' dir='ltr'><strong>altes</strong></span> <span class='ocrx_word' id='word_1_365' title='bbox 391 3673 441 3722; x_wconf 91' lang='lat' dir='ltr'><strong>und</strong></span> <span class='ocrx_word' id='word_1_366' title='bbox 449 3672 561 3722; x_wconf 82' lang='lat' dir='ltr'><strong>seltener</strong></span> <span class='ocrx_word' id='word_1_367' title='bbox 573 3671 651 3723; x_wconf 89' lang='lat' dir='ltr'><strong>Wort</strong></span> <span class='ocrx_word' id='word_1_368' title='bbox 738 3673 794 3725; x_wconf 89' lang='grc'><strong>133.</strong></span> <span class='ocrx_word' id='word_1_369' title='bbox 812 3677 951 3737; x_wconf 71' lang='lat' dir='ltr'><strong>sectarios,</strong></span> <span class='ocrx_word' id='word_1_370' title='bbox 963 3675 1009 3726; x_wconf 89' lang='lat' dir='ltr'><strong>der</strong></span> <span class='ocrx_word' id='word_1_371' title='bbox 1021 3674 1122 3726; x_wconf 82' lang='lat' dir='ltr'><strong>seehstc</strong></span> <span class='ocrx_word' id='word_1_372' title='bbox 1133 3673 1208 3726; x_wconf 83' lang='lat' dir='ltr'><strong>Theil</strong></span> 
     </span>
    </p>

    <p class='ocr_par' dir='ltr' id='par_1_12' title="bbox 170 3741 1207 3806">
     <span class='ocr_line' id='line_1_43' title="bbox 170 3741 1207 3806; baseline 0.004 -16"><span class='ocrx_word' id='word_1_373' title='bbox 170 3741 193 3790; x_wconf 92' lang='lat' dir='ltr'><strong>&#39;r</strong></span> <span class='ocrx_word' id='word_1_374' title='bbox 204 3754 333 3791; x_wconf 80' lang='lat' dir='ltr'><strong>exserere.</strong></span> <span class='ocrx_word' id='word_1_375' title='bbox 703 3741 1135 3806; x_wconf 73' lang='lat' dir='ltr'><strong>einesoongins,odcr½.Schell&#39;el.</strong></span> <span class='ocrx_word' id='word_1_376' title='bbox 1148 3743 1207 3796; x_wconf 80' lang='lat' dir='ltr'><strong>blan</strong></span> 
     </span>
    </p>

    <p class='ocr_par' dir='ltr' id='par_1_13' title="bbox 151 3806 1206 4082">
     <span class='ocr_line' id='line_1_44' title="bbox 184 3806 1206 3878; baseline 0.004 -20"><span class='ocrx_word' id='word_1_377' title='bbox 184 3806 220 3858; x_wconf 80' lang='lat' dir='ltr'><strong>ad</strong></span> <span class='ocrx_word' id='word_1_378' title='bbox 235 3809 362 3859; x_wconf 70' lang='lat' dir='ltr'><strong>tortorem</strong></span> <span class='ocrx_word' id='word_1_379' title='bbox 377 3809 415 3859; x_wconf 89' lang='lat' dir='ltr'><strong>bis</strong></span> <span class='ocrx_word' id='word_1_380' title='bbox 436 3824 468 3858; x_wconf 86' lang='lat' dir='ltr'><strong>zu</strong></span> <span class='ocrx_word' id='word_1_381' title='bbox 488 3808 534 3858; x_wconf 84' lang='lat' dir='ltr'><strong>der</strong></span> <span class='ocrx_word' id='word_1_382' title='bbox 553 3809 651 3874; x_wconf 82' lang='lat' dir='ltr'><strong>spitzen</strong></span> <span class='ocrx_word' id='word_1_383' title='bbox 703 3811 746 3860; x_wconf 92' lang='lat' dir='ltr'><strong>hat</strong></span> <span class='ocrx_word' id='word_1_384' title='bbox 766 3813 827 3877; x_wconf 76' lang='lat' dir='ltr'><strong>noch</strong></span> <span class='ocrx_word' id='word_1_385' title='bbox 848 3811 942 3861; x_wconf 79' lang='lat' dir='ltr'><strong>audere</strong></span> <span class='ocrx_word' id='word_1_386' title='bbox 958 3809 1011 3860; x_wconf 84' lang='lat' dir='ltr'><strong>alte</strong></span> <span class='ocrx_word' id='word_1_387' title='bbox 1027 3809 1148 3878; x_wconf 83' lang='lat' dir='ltr'><strong>lleeepte,</strong></span> <span class='ocrx_word' id='word_1_388' title='bbox 1166 3812 1206 3862; x_wconf 88' lang='lat' dir='ltr'><strong>die</strong></span> 
     </span>
     <span class='ocr_line' id='line_1_45' title="bbox 151 3871 1186 3938; baseline 0.004 -11"><span class='ocrx_word' id='word_1_389' title='bbox 151 3871 287 3938; x_wconf 72' lang='lat' dir='ltr'><strong>ll&#39;n&#39;nddng.</strong></span> <span class='ocrx_word' id='word_1_390' title='bbox 305 3875 339 3926; x_wconf 90' lang='lat' dir='ltr'><strong>So</strong></span> <span class='ocrx_word' id='word_1_391' title='bbox 351 3877 495 3927; x_wconf 85' lang='lat' dir='ltr'><strong>beschreiht</strong></span> <span class='ocrx_word' id='word_1_392' title='bbox 506 3874 580 3927; x_wconf 89' lang='lat' dir='ltr'><strong>0vid.</strong></span> <span class='ocrx_word' id='word_1_393' title='bbox 591 3882 651 3926; x_wconf 84' lang='lat' dir='ltr'><strong>met</strong></span> <span class='ocrx_word' id='word_1_394' title='bbox 703 3877 765 3928; x_wconf 80' lang='lat' dir='ltr'><strong>abor</strong></span> <span class='ocrx_word' id='word_1_395' title='bbox 776 3879 844 3929; x_wconf 88' lang='lat' dir='ltr'><strong>nicht</strong></span> <span class='ocrx_word' id='word_1_396' title='bbox 855 3879 926 3929; x_wconf 90' lang='lat' dir='ltr'><strong>recht</strong></span> <span class='ocrx_word' id='word_1_397' title='bbox 937 3879 1108 3930; x_wconf 83' lang='lat' dir='ltr'><strong>verstiindlich</strong></span> <span class='ocrx_word' id='word_1_398' title='bbox 1121 3880 1186 3931; x_wconf 90' lang='lat' dir='ltr'><strong>sind.</strong></span> 
     </span>
     <span class='ocr_line' id='line_1_46' title="bbox 153 3941 1020 4008; baseline 0.005 -16"><span class='ocrx_word' id='word_1_399' title='bbox 153 3943 176 4008; x_wconf 92' lang='lat'><strong>1,</strong></span> <span class='ocrx_word' id='word_1_400' title='bbox 185 3941 235 3992; x_wconf 91' lang='grc'><strong>335</strong></span> <span class='ocrx_word' id='word_1_401' title='bbox 248 3943 287 3993; x_wconf 90' lang='lat' dir='ltr'><strong>die</strong></span> <span class='ocrx_word' id='word_1_402' title='bbox 298 3944 386 3995; x_wconf 81' lang='lat' dir='ltr'><strong>bocina</strong></span> <span class='ocrx_word' id='word_1_403' title='bbox 397 3945 442 3995; x_wconf 87' lang='lat' dir='ltr'><strong>des</strong></span> <span class='ocrx_word' id='word_1_404' title='bbox 455 3943 553 4005; x_wconf 83' lang='lat' dir='ltr'><strong>Triton,</strong></span> <span class='ocrx_word' id='word_1_405' title='bbox 569 3946 598 3995; x_wconf 82' lang='lat' dir='ltr'><strong>in</strong></span> <span class='ocrx_word' id='word_1_406' title='bbox 613 3944 651 3995; x_wconf 84' lang='lat' dir='ltr'><strong>la·</strong></span> <span class='ocrx_word' id='word_1_407' title='bbox 737 3949 912 3997; x_wconf 75' lang='lat' dir='ltr'><strong>necessarium</strong></span> <span class='ocrx_word' id='word_1_408' title='bbox 923 3962 958 3998; x_wconf 85' lang='lat' dir='ltr'><strong>sc.</strong></span> <span class='ocrx_word' id='word_1_409' title='bbox 972 3953 1020 3997; x_wconf 88' lang='lat' dir='ltr'><strong>est.</strong></span> 
     </span>
     <span class='ocr_line' id='line_1_47' title="bbox 151 4013 1205 4082; baseline 0.002 -18"><span class='ocrx_word' id='word_1_410' title='bbox 151 4016 207 4064; x_wconf 80' lang='lat' dir='ltr'><strong>tum</strong></span> <span class='ocrx_word' id='word_1_411' title='bbox 217 4027 282 4079; x_wconf 75' lang='lat' dir='ltr'><strong>quae</strong></span> <span class='ocrx_word' id='word_1_412' title='bbox 294 4014 396 4064; x_wconf 73' lang='lat' dir='ltr'><strong>hordine</strong></span> <span class='ocrx_word' id='word_1_413' title='bbox 406 4015 499 4064; x_wconf 76' lang='lat' dir='ltr'><strong>crescit</strong></span> <span class='ocrx_word' id='word_1_414' title='bbox 508 4013 542 4063; x_wconf 77' lang='lat' dir='ltr'><strong>ab</strong></span> <span class='ocrx_word' id='word_1_415' title='bbox 552 4014 612 4064; x_wconf 80' lang='lat' dir='ltr'><strong>imo.</strong></span> <span class='ocrx_word' id='word_1_416' title='bbox 738 4016 877 4082; x_wconf 74' lang='lat' dir='ltr'><strong>amphorae</strong></span> <span class='ocrx_word' id='word_1_417' title='bbox 892 4037 927 4059; x_wconf 83' lang='lat'>=</span> <span class='ocrx_word' id='word_1_418' title='bbox 943 4014 959 4065; x_wconf 92' lang='grc'><strong>3</strong></span> <span class='ocrx_word' id='word_1_419' title='bbox 975 4015 1062 4080; x_wconf 87' lang='lat' dir='ltr'><strong>modii,</strong></span> <span class='ocrx_word' id='word_1_420' title='bbox 1080 4014 1096 4066; x_wconf 79' lang='lat'>8</span> <span class='ocrx_word' id='word_1_421' title='bbox 1113 4014 1205 4080; x_wconf 69' lang='lat' dir='ltr'><strong>congii,</strong></span> 
     </span>
    </p>
   </div>
   <div class='ocr_carea' id='block_1_4' title="bbox 0 0 1288 4576">
    <p class='ocr_par' dir='ltr' id='par_1_14' title="bbox 0 0 1288 4576">
     <span class='ocr_line' id='line_1_48' title="bbox 0 0 1288 4576; baseline 0 0"><span class='ocrx_word' id='word_1_422' title='bbox 0 0 1288 4576; x_wconf 95' lang='lat' dir='ltr'><strong> </strong></span> 
     </span>
    </p>
   </div>
  </div>
 </body>
</html>
