2566 4576
152 393 214 458 364
287 390 495 445 cusculcuutt
506 393 574 445 uult
585 393 702 446 matun
715 393 838 458 (XXXV,
847 391 871 455 8,
881 392 914 443 34
922 420 957 432 -
968 391 1008 456 11,
1018 391 1076 457 tt).

152 548 265 611 induxit
278 548 449 610 contradens
460 547 588 610 subsidia
600 547 722 611 iniuriae
733 556 762 609 et
772 546 930 620 vetustatis,
940 552 974 607 ut
988 546 1150 608 decedente
1162 564 1207 608 su·

152 633 581 716 perioreinleriorsuccederet.
597 634 729 696 Estinea
738 634 816 695 canis
825 633 897 694 mire
907 634 1053 704 lactuqut
1062 649 1151 711 quem
1160 650 1207 712 pa·

151 721 222 782 riter
233 727 261 781 et
273 739 357 782 casus
368 718 502 799 pinxerit.
525 718 593 780 Non
608 720 752 781 iudicabat
767 739 799 780 se
810 719 840 779 in
851 737 885 779 eo
898 717 1064 796 exprimere
1075 735 1209 797 spumam

153 804 323 876 anhelantis,
337 823 403 865 cum
416 805 445 864 in
457 804 565 884 reliqua
576 813 657 883 parte
668 805 757 877 omni,
770 806 849 884 quod
858 802 1061 863 difficillimum
1074 810 1147 874 erat,
1160 801 1210 864 sibi

84 903 131 954 113
154 892 217 970 ipse
239 889 435 952 satisfecisset.
463 889 638 968 Displicebat
658 899 753 950 autem
770 909 817 950 ars
832 890 897 968 ipsa
912 906 967 948 nec
980 887 1076 947 minui
1092 895 1210 966 poterat,

152 984 180 1036 et
192 975 341 1036 videbatur
352 973 442 1034 nimia
451 993 485 1034 ae
500 973 616 1052 longius
629 995 645 1036 a
657 975 774 1035 veritate
785 973 935 1034 discedere
947 990 1113 1052 spumaque
1124 972 1210 1052 pingi,

152 1079 214 1121 non
234 1079 268 1119 ex
286 1078 336 1118 ore
351 1059 445 1129 nasci,
465 1059 550 1119 anxio
566 1059 656 1120 animi
677 1059 822 1130 cruciatu,
845 1077 911 1119 cum
926 1059 957 1118 in
976 1058 1091 1138 pictura
1110 1076 1210 1118 verum

152 1163 229 1212 esse,
244 1162 306 1205 non
321 1143 476 1204 verisimile
490 1143 586 1216 uellet,
603 1144 779 1205 absterserat
794 1144 909 1222 saepius
925 1150 1145 1221 mutaveratque
1157 1161 1210 1222 pe-

151 1229 294 1300 nicillum,
314 1229 392 1290 nullo
409 1228 498 1289 modo
514 1228 570 1290 sibi
584 1230 768 1308 approbans,
788 1239 940 1308 postremo
956 1228 1048 1288 iratus
1065 1227 1119 1288 arti
1135 1227 1210 1307 quod

151 1313 355 1393 intelligeretur
371 1314 524 1392 spongiam
540 1313 660 1393 impegit
676 1314 771 1375 inviso
787 1316 850 1374 loco
867 1314 991 1384 tabulae,
1011 1319 1041 1372 et
1062 1312 1110 1373 illa
1125 1330 1210 1390 repc-

152 1399 209 1460 suit
225 1399 336 1460 ablatos
353 1399 481 1469 colores,
503 1398 624 1478 qualiter
643 1418 710 1460 cura
728 1386 890 1478 optaverat,
912 1399 1038 1476 iecitque
1053 1396 1084 1457 in
1100 1397 1211 1476 pictura

37 1538 39 1543 .
82 1495 130 1546 111
151 1486 267 1546 fortuna
282 1491 426 1545 naturam.
450 1483 513 1544 Hoc
527 1485 659 1562 exemplo
673 1485 734 1545 eius
752 1484 854 1544 similis
872 1491 900 1543 et
916 1483 1040 1544 Nealcen
1056 1500 1210 1543 successus

153 1587 274 1649 spumae
289 1569 354 1648 equi
370 1569 502 1630 similiter
517 1569 641 1647 spongia
656 1569 781 1648 impacta
797 1576 914 1630 secutus
931 1567 1046 1639 dicitur,
1064 1585 1133 1628 cum
1147 1567 1210 1647 pin-

154 1662 234 1732 geret
253 1662 439 1733 poppyzonta
454 1653 628 1714 retinentem
643 1673 724 1727 eum3
745 1655 783 1715 ita
799 1652 1174 1730 Protogenes'monstravit
1185 1660 1211 1713 et

151 1741 306 1800 fortunam.
323 1740 449 1817 Propter
460 1738 540 1799 hunc
555 1738 688 1818 lalysum,
703 1758 741 1800 ne
756 1746 898 1800 cremaret
907 1737 1033 1798 tabulam
1046 1737 1209 1798 Demetrius

151 1842 216 1897 rex,
234 1843 301 1885 cum
316 1823 351 1885 ah
366 1844 398 1884 ea
414 1831 496 1902 parte
511 1824 572 1884 sola
588 1832 689 1901 posset
705 1824 852 1885 Rhodium
869 1842 981 1902 capere,
996 1839 1059 1883 non
1075 1821 1209 1896 incendit

82 1916 130 1968 105
150 1918 374 1988 parcentemque
386 1907 515 1988 picturae
526 1908 599 1987 fugit
610 1910 725 1971 occasio
737 1909 882 1970 victoriae.
905 1908 975 1969 Erat
985 1915 1056 1967 tune
1068 1906 1209 1984 Protoge-

150 2011 203 2054 nes
220 1993 250 2054 in
268 1993 439 2054 suburbano
453 2013 507 2054 suo
519 1993 646 2067 hortulo,
658 1994 716 2055 hoo
727 2002 772 2054 est
783 1993 919 2054 Demetrii
931 1992 1043 2064 castris,
1054 2010 1152 2072 neque
1165 1991 1208 2053 in-

151 2078 317 2158 terpellatus
334 2078 453 2157 proeliis
473 2078 606 2139 inchoata
627 2097 715 2156 opera
727 2077 883 2139 intermisit
898 2077 1019 2138 omnino
1032 2076 1092 2138 nisi
1104 2077 1208 2138 accitus

79 2163 83 2171 ’
151 2181 166 2223 a
181 2180 258 2239 rege,
273 2163 526 2240 interrogatusque
543 2180 597 2240 qua
613 2162 717 2223 fiducia
732 2172 811 2224 extra
828 2181 929 2223 muros
945 2169 1043 2240 ageret
1057 2161 1209 2241 respondit

152 2245 226 2306 scire
246 2265 278 2305 se
298 2264 364 2317 eum
382 2245 504 2306 Rhodiis
526 2246 564 2305 illi
581 2245 780 2316 detumesce,
801 2265 862 2307 non
880 2267 944 2308 cum
957 2247 1078 2308 artibus
1103 2247 1206 2326 Dispo-

151 2330 209 2392 suit
228 2348 277 2390 rex
298 2329 327 2390 in
343 2330 462 2390 tutelam
483 2330 543 2391 eius
561 2331 701 2391 stationes
719 2333 847 2410 gaudens
865 2332 942 2410 quod
960 2350 1067 2392 manus
1085 2340 1209 2392 servaret

151 2415 256 2494 quibus
273 2426 471 2494 perpererat:
487 2423 515 2475 et
530 2433 567 2476 ne
583 2415 699 2494 saepius
715 2417 873 2496 navigaret,
893 2417 968 2476 ultro
989 2416 1024 2476 ad
1047 2435 1116 2476 eum
1132 2417 1207 2477 venit

149 2501 244 2562 hostis
264 2501 428 2580 relictisque
447 2501 582 2562 victoriae
602 2521 672 2562 suae
697 2502 771 2564 votis
789 2503 874 2562 *inter
898 2521 976 2562 arma
1002 2509 1030 2561 et
1055 2520 1206 2562 murorum

150 2587 225 2647 ictus
238 2588 377 2664 spectavit
390 2587 537 2659 artificem,
553 2587 741 2667 sequiturque
756 2589 879 2649 fabulam
894 2586 970 2646 illius
983 2585 1128 2665 temporis
1140 2587 1208 2647 haec

81 2682 129 2732 1116
150 2673 227 2732 fama
242 2673 320 2751 quod
337 2693 399 2733 eam
416 2673 597 2752 Protogenes
617 2673 671 2733 sub
692 2673 785 2751 gladio
808 2672 944 2751 pinxerit;
964 2671 1086 2750 Satyrus
1103 2672 1152 2733 hic
1166 2681 1208 2732 est

150 2775 236 2836 quem
252 2776 494 2836 anapauomenon
510 2767 627 2830 vocant,
650 2775 687 2817 ne
707 2758 775 2837 quid
798 2758 873 2819 desit
887 2757 1029 2835 temporis
1045 2757 1108 2817 eius
1125 2775 1206 2818 secu-

148 2842 232 2915 ritati,
248 2851 395 2903 tenentem
416 2843 509 2903 tibias.
540 2843 618 2902 Fecit
638 2850 666 2903 et
678 2842 827 2922 Cydippen
843 2849 870 2902 et
887 2841 1094 2921 Tlepolemon,
1117 2840 1205 2901 Phili-

183 3026 343 3086 contradens,
357 3026 533 3089 ,‚sammelnd,“
550 3026 649 3089 wiell,
741 3027 797 3077 105.
825 3031 960 3091 emigraret
983 3042 1018 3076 sc.
1042 3025 1206 3090 Protogenes.

152 3092 179 3141 11
205 3091 279 3140 mella
302 3093 456 3150 contradunt
480 3093 574 3157 (apes).
603 3093 650 3142 Die
705 3095 814 3145 Demetr.
833 3095 893 3159 griff
906 3096 945 3144 die
964 3094 1037 3145 Stadt
1054 3111 1111 3144 vom
1129 3094 1207 3146 Helen

150 3160 223 3208 lldss.
236 3163 332 3208 contro.
704 3179 746 3227 nn,
769 3162 830 3212 iiber
852 3165 898 3213 den
911 3163 981 3212 Prot.
1005 3179 1037 3212 zu
1054 3163 1102 3212 ihm
1120 3161 1206 3213 sclarea

150 3226 651 3362 6611362106αὲιῖᾓὲῗέξυέἒὶεῗξὲἒὲθιῇ
704 3238 880 3365 mqqlsutqmm,
902 3299 949 3348 wie
971 3298 1026 3349 Liv.
1049 3296 1119 3360 38‚5
1140 3314 1209 3348 moe·

184 3363 240 3413 101.
260 3362 369 3413 Nealcen
384 3362 439 3411 142.
456 3363 510 3413 145,
524 3393 557 3401 -
579 3367 650 3414 eimi-
704 3369 788 3427 neom,
803 3367 841 3416 die
853 3366 942 3417 St'dsse
954 3368 1000 3416 der
1012 3364 1209 3416 Mauerbrecher

147 3432 178 3514 lia
191 3433 282 3494 geho'rt
293 3447 324 3480 zu
337 3445 483 3496 successus,
499 3449 605 3499 spumae
618 3450 649 3481 zu
705 3436 754 3483 und
768 3434 911 3484 Maschinen
924 3451 1003 3515 gegen
1018 3435 1057 3515 die
1070 3433 1185 3483 Manem.

147 3504 343 3636 tmpqlqtpqfflm
355 3580 402 3644 von
416 3563 587 3628 ποππύζειν,
605 3569 650 3618 mit
703 3501 891 3619 vododfiernllule
903 3501 1109 3620 ³(leggullliantgileilss
1121 3501 1211 3619 szliugli

148 3637 203 3684 darn
218 3635 310 3686 Muode
328 3633 422 3698 plerlen
439 3636 488 3683 und
506 3636 648 3700 schnalzen,
704 3637 891 3688 Namenh'aitte.
919 3639 956 3688 Er
977 3639 1073 3688 stiitzte
1096 3637 1149 3686 sich
1167 3637 1213 3688 aul

148 3703 266 3751 wodurch
282 3716 337 3750 man
355 3701 394 3750 die
407 3700 496 3751 Plerde
509 3702 648 3767 besiiultig-
703 3706 759 3755 eine
781 3707 864 3766 Sdule,
888 3706 991 3767 (Strabo
1007 3706 1043 3769 ld,
1057 3703 1137 3767 652),
1159 3707 1209 3754 wie

148 3777 229 3819 16-
240 3785 298 3819 euin
311 3784 346 3818 se.
360 3784 457 3836 equum.
703 3773 748 3822 nul
757 3776 886 3823 melrreren
906 3774 1128 3836 Marmorligureo‚
1143 3790 1166 3822 z.
1181 3773 1208 3823 B.

182 3837 620 3958 ςίβοῖἑηέἔηῇἷῖῗὲὧ11612363.
637 3936 648 3944 ι
703 3840 796 3957 qlfiigler
819 3842 922 3891 Denkm.
951 3841 1026 3905 l,53,
1043 3840 1099 3890 143.
1128 3841 1153 3904 2,
1167 3841 1210 3905 39,

149 3920 320 4036 siddfe'ilvorin
335 3942 392 4023 'sich
414 3975 457 4024 das
471 3947 534 4027 'Bild
551 3924 648 4043 belanyd,
738 3947 874 4045 Cydippen,
897 3978 936 4027 die
957 3977 1052 4027 Mutter
1072 3979 1117 4027 des
1140 3976 1210 4046 laly-

148 4041 190 4107 lug
201 4056 248 4091 vor
260 4041 306 4092 der
317 4040 398 4095 81611.
704 4059 754 4109 sos,
770 4044 936 4114 Tlepolemo,
949 4046 994 4096 dor
1006 4048 1068 4096 nacla
1080 4046 1127 4097 der
1142 4046 1209 4111 Sage
