2566 4576
397 269 453 321 mn
471 269 574 322 wear
594 269 636 335 (ιι,
652 269 789 335 r,1-a‚
803 270 842 336 a).
1131 277 1151 339 3

82 425 269 497 incubarent,
283 424 403 485 totidem
418 431 516 485 tamen
526 424 605 485 soles
620 423 802 503 totidemque
817 422 901 486 lunas
915 434 944 488 et
959 434 1052 489 cetera
1063 428 1151 490 etiam

84 512 119 570 in
142 527 202 569 uuo
227 517 256 569 et
272 509 417 570 immensa
438 517 466 569 et
489 508 709 569 innumerabilia
730 508 841 583 sidera,
865 511 947 589 quasi
968 529 1030 572 non
1049 514 1151 574 eadem

86 593 254 674 quaestione
280 612 397 672 semper
420 592 451 652 in
469 594 596 653 termino
617 592 803 670 cogitationis
824 612 985 655 occursura
1005 596 1149 658 desiderio

86 677 154 739 finis
169 678 286 739 alicuius
301 686 364 750 aut,
379 678 405 738 si
421 678 493 738 baec
507 677 635 748 infinitas
650 686 771 737 naturae
786 677 919 738 omnium
935 679 1037 739 artifici
1052 681 1151 758 possit

85 762 239 840 assignari,
260 781 322 823 non
337 762 413 823 idem
429 762 498 822 illud
514 762 544 822 in
558 781 620 823 uno
636 761 747 823 laedius
763 762 801 821 sit
816 761 949 842 intelligi,
965 770 1047 824 tanto
1063 783 1149 844 prae·

87 847 186 907 sertim
199 866 295 927 opere.
321 847 419 908 lluror
429 854 482 918 est,
496 849 630 925 prolecto
642 847 732 920 luror,
748 847 845 924 egredi
857 867 892 908 ex
903 867 938 908 eo
949 856 987 919 et,
999 856 1149 929 tamquam
1169 863 1185 912 4

85 931 197 993 iuterna
208 932 270 993 eius
282 941 386 993 cuncta
401 931 485 1010 plane
500 931 557 992 iam
573 939 643 992 nota
658 931 730 1000 sint,
745 931 784 991 ita
800 933 923 993 scrutari
938 941 1050 1005 extera3
1065 932 1149 1013 quasi

83 1035 153 1077 vero
168 1035 337 1078 mensuram
353 1016 440 1076 ullius
454 1016 496 1077 rei
508 1016 605 1095 possit
616 1034 701 1094 agere
712 1016 763 1096 qui
775 1017 821 1076 sui
831 1017 953 1088 nesciat,
968 1025 1018 1078 aut
1035 1018 1146 1094 [miror]

81 1100 218 1162 homines
232 1102 329 1162 videre
344 1119 417 1180 quae
432 1101 561 1161 muudus
577 1101 641 1180 ipse
654 1118 716 1160 non
732 1101 833 1178 capiat.

166 1186 308 1247 Formam
320 1185 382 1245 eius
393 1186 424 1244 in
437 1186 566 1264 speeiem
578 1185 658 1245 orbis
669 1185 795 1245 absoluti
804 1184 949 1262 globatam
961 1205 1026 1247 esse
1037 1203 1148 1248 nomen
1168 1197 1185 1246 5

80 1269 233 1347 inprimis
249 1278 278 1329 et
292 1287 455 1329 consensus
470 1270 501 1328 iu
513 1289 547 1330 eo
563 1268 732 1330 mortalium
749 1267 850 1329 orbem
866 1270 1081 1348 appellantium,
1096 1271 1149 1331 sed

81 1362 112 1414 et
126 1360 300 1428 argumenta
314 1370 414 1411 rerum
428 1353 544 1425 docent,
558 1371 620 1414 non
636 1354 732 1414 solum
748 1352 815 1431 quia
826 1353 889 1415 talis
905 1354 997 1432 figura
1009 1355 1148 1416 omnibus

83 1437 133 1496 sui
147 1435 282 1513 partibus
296 1434 388 1510 vergit
400 1434 431 1492 in
446 1453 510 1494 sese
525 1454 558 1495 ac
569 1437 698 1514 sibiipsa
712 1437 861 1497 toleranda
873 1445 917 1497 est
928 1457 1017 1518 seque
1027 1438 1149 1500 includit

85 1528 117 1580 et
141 1518 272 1578 continet
294 1517 440 1578 nullarum
465 1536 551 1596 egeus
573 1520 758 1598 compagium
779 1538 836 1581 nec
854 1521 942 1581 linem
962 1529 1013 1582 aut
1032 1522 1149 1583 initium

83 1602 152 1664 ullis
167 1601 213 1663 sui
227 1601 360 1681 partibus
375 1601 514 1676 sentiens,
527 1620 583 1663 nec
597 1603 664 1682 quia
678 1603 713 1662 ad
726 1611 849 1677 motum,
865 1624 924 1683 quo
939 1604 1064 1665 subinde
1077 1607 1149 1666 verti

82 1707 154 1749 mox
170 1686 335 1766 apparebit,
350 1686 416 1747 talis
432 1686 584 1766 aptissima
599 1693 658 1759 est,
674 1687 726 1747 sed
743 1686 894 1747 oculorum
910 1705 1024 1766 quoque
1039 1689 1149 1766 proba·

83 1772 177 1844 tione,
200 1771 279 1851 quod
300 1789 447 1833 convexus
467 1771 641 1852 mediusque
661 1788 844 1851 quacumque
865 1778 1014 1845 cernatur,
1033 1790 1101 1833 cum
1119 1771 1149 1834 id

83 1856 214 1918 accidere
227 1856 259 1917 in
274 1856 328 1917 alia
342 1873 404 1916 non
418 1856 516 1935 possit
530 1856 632 1934 figura.

84 2009 131 2058 der
153 2007 248 2058 lctzteu
273 2014 383 2058 stosseu.
414 2007 511 2060 Nimmt
531 2022 588 2057 man
641 2005 807 2058 mandam

82 2074 146 2125 aber
156 2073 199 2124 lrir
210 2075 277 2126 viole
290 2074 395 2125 Wclton
408 2091 457 2125 nur
469 2076 525 2125 eine
534 2074 588 2126 Na·
672 2077 767 2142 possib
779 2072 1005 2138 DieEiuwendung
1014 2074 1148 2126 trill'tnoob

83 2149 176 2205 turon,
189 2158 218 2192 so
227 2142 332 2192 istaueli
343 2144 407 2192 daun
417 2143 587 2193 dernenscb-
638 2141 708 2206 jetzt
716 2157 757 2204 an,
771 2141 883 2204 obglcicb
892 2142 933 2191 die
942 2143 1148 2208 bebauptnngen,

81 2208 587 2275 licboGeistuiclrtliibigjeuezulassen,
640 2224 764 2273 wogogen
777 2209 813 2259 sie
825 2209 877 2259 sich
894 2211 997 2261 macheu
1014 2210 1092 2274 lieet,
1109 2210 1148 2260 alt

83 2277 366 2342 daeriiberdicjenige,
379 2279 458 2328 wolin
468 2278 588 2328 ersolbst
641 2277 706 2327 aiud.
721 2275 1062 2341 Daberdiobbwecbsolnng
1071 2292 1148 2345 opor·

82 2345 212 2395 cntbalton
235 2345 283 2406 ist,
310 2346 379 2395 nicht
401 2344 489 2393 bimus
511 2345 588 2394 kann.
641 2344 824 2395 teratundsa't.

82 2411 163 2463 Wobl
183 2411 246 2461 aber
261 2426 364 2474 vermag
381 2425 410 2460 cr
425 2412 471 2461 das
484 2410 589 2460 Waltcn
677 2412 702 2460 5.
718 2409 844 2460 Formam
854 2436 889 2447 -
897 2411 1030 2476 globatam
1041 2428 1067 2462 ιι.
1080 2427 1101 2463 a.
1114 2425 1147 2461 w.

84 2479 132 2528 der
142 2477 225 2528 Natnr
236 2478 262 2526 in
274 2491 380 2526 unscrcr
389 2475 464 2526 walt
475 2477 588 2538 bialiing-
642 2477 690 2527 llio
718 2474 856 2525 eiulachate
879 2477 1055 2542 bezeicbnnug
1076 2479 1148 2538 wira

84 2543 347 2623 licbanerkcnncm
642 2543 737 2607 globos
762 2542 899 2607 (σφαῖρα)
924 2557 1050 2622 goweson.
1085 2544 1149 2595 Dera

84 2607 502 2728 ιιιιιιιιιιιιι
518 2621 593 2725 aa
645 2605 1150 2751 castaldiae-“aureae

84 2745 170 2794 beten.
193 2743 316 2794 aiecabara
331 2742 394 2792 wird
409 2741 531 2792 meistena
547 2741 593 2791 mit
645 2743 718 2794 orbis
735 2739 859 2803 (κυκλος)
876 2742 989 2805 ςιιιᾶΙιΙι
1003 2743 1054 2793 and
1071 2744 1149 2794 durch
1183 2795 1186 2800 ,

83 2808 589 2861 demllativoderdccusativconstrnirt.
644 2812 689 2861 das
712 2809 868 2871 bclgcsctzte
886 2808 997 2876 Particip
1013 2809 1149 2877 globatam

81 2877 137 2930 rur
147 2879 197 2928 den
209 2876 313 2928 Ablativ
324 2877 404 2928 findet
412 2878 465 2927 sicli
477 2877 518 2927 ein
529 2876 589 2927 llei-
642 2878 776 2929 erlintert.
792 2875 927 2927 llicselbou
936 2876 1092 2942 Argumenta
1101 2895 1147 2944 ge·

82 2945 147 3012 apiel
166 2944 205 2995 bei
223 2945 319 2996 Seneca
334 2944 439 3012 Tbycsc
454 2945 512 2995 909.
536 2943 587 2996 lle-
640 2945 747 2997 branebt
759 2960 782 2994 u.
793 2945 824 2994 Α.
837 2945 883 2995 der
892 2944 1096 2999 Stoilerllalbuo
1106 2947 1147 2998 bei

81 3016 191 3082 saptiam
211 3015 269 3064 iae
323 3029 406 3081 apara
424 3017 501 3080 atque
520 3028 586 3064 aaro
641 3013 845 3065 Cicerodenat
863 3012 1146 3074 deor.2‚18uml45.

80 3084 193 3132 accubat.
235 3082 274 3130 icr
294 3081 587 3132 'csseaicbsonstleicbt
640 3080 672 3132 Z.
684 3082 711 3131 B.
724 3079 837 3131 nomadas
847 3080 973 3146 globosae
984 3086 1026 3132 est
1036 3084 1149 3133 obean-

82 3165 162 3200 anam
176 3149 280 3199 liudem.
389 3163 397 3179 ·
641 3163 806 3216 qaocaaaam
822 3163 910 3198 oannes
926 3150 983 3200 aiae
996 3153 1147 3216 partesea-

116 3214 231 3267 otiamt‘n
240 3231 299 3266 arao.
315 3215 396 3266 Sebon
406 3215 587 3266 incinechlt
641 3217 716 3283 daque
726 3215 871 3282 aequabiles
883 3217 957 3282 ipsae
969 3231 1019 3282 poa·
1030 3233 1059 3266 aa
1070 3219 1148 3281 atquo

82 3284 140 3334 aiud
160 3285 201 3333 die
222 3282 340 3334 Gestirne
361 3284 513 3347 ιιιίΜΙιιι,
536 3284 585 3332 wie
640 3288 754 3334 betereo
775 3285 944 3333 contineatur.
973 3283 1055 3333 Schon
1072 3283 1147 3333 Plato

81 3351 135 3402 viel
146 3353 217 3401 mehr
228 3351 254 3400 iu
265 3351 357 3402 vielon.
640 3349 712 3400 liibrt
722 3351 755 3398 im
768 3348 872 3398 Timiins
884 3364 908 3413 p.
919 3348 952 3398 38
964 3363 1017 3414 aas,
1029 3350 1090 3398 dass
1100 3350 1147 3398 das

119 3433 311 3470 occursuram.
329 3417 505 3480 cogitantibus.
534 3417 587 3466 Der
642 3410 1147 3493 oepaspoeedlsogippadcrWoltmkv-

82 3485 141 3537 ΑΜ.
155 3486 348 3551 consequentiae
360 3498 417 3533 vom
427 3483 519 3534 Partic.
531 3484 586 3545 lut„
642 3497 698 3532 των
707 3474 873 3532 τελεώτατον
882 3474 1052 3548 ομοιότατόν
1061 3495 1089 3530 τε
1098 3475 1147 3530 αὐ-

82 3555 160 3604 durch
173 3555 248 3619 quasa*
259 3554 321 3602 oder
332 3551 446 3601 ibnlicbo
457 3549 587 3600 Partikelu
642 3543 674 3599 ab
686 3546 775 3612 ἑαυτῷ
788 3546 836 3595 sei.

84 3621 249 3687 angelnfipm
261 3621 296 3671 ist
306 3621 330 3669 in
343 3621 390 3669 der
401 3619 504 3683 spatam
516 3616 587 3666 Lati·
676 3615 782 3667 cubiade
798 3614 833 3663 ist
849 3611 918 3663 nicht
932 3613 978 3664 mit
992 3629 1058 3666 moa
1068 3629 1145 3683 syno-

85 3691 152 3741 uitlit
163 3689 253 3755 binflg,
265 3689 290 3737 iu
303 3688 349 3737 der
359 3686 442 3736 iiltcrn
455 3684 546 3734 seltcn.
642 3699 710 3752 nym,
722 3683 831 3734 scudem
844 3696 910 3745 „von
920 3679 979 3732 Zoit
989 3698 1022 3734 zu
1031 3682 1107 3736 zeid
1119 3686 1144 3737 d.

85 3759 287 3876 elatam·
300 3754 461 3872 dlldlmll’
476 3749 589 3887 ,ll-affl
642 3747 1145 3872 ld}'ttllltltll‘‘dibiad

86 3897 137 3944 ιιιιι
153 3893 269 3945 locorum
283 3857 590 3954 anamarbodtatemqaa
676 3856 1143 3942 cemalar.’llicranaistzudemvor·

912 3972 943 4022 ¹2
