2566 4576
254 338 309 390 elle
325 337 660 393 Lxdewlnrnscnnrr
679 339 820 406 (11111116,
833 342 848 390 'l
860 370 894 380 -
905 341 931 408 6,
942 342 982 409 8).
1083 346 1145 407 227

251 542 313 605 DIE
333 541 707 606 LANDWIRTHSOEAFT
733 542 781 623 (6,
798 545 817 603 'l
833 578 875 588 -
890 544 919 619 6,
935 543 982 622 8).

175 662 295 725 llodem
310 663 371 743 agri
384 663 534 745 inprimis
549 662 722 724 servandum
738 663 849 743 antiqui
863 670 1015 743 putavere3
1036 667 1145 747 quippe
1165 680 1197 730 35

85 747 128 809 ita
143 748 314 823 censebant,
335 749 426 811 satius
441 768 507 810 esse
520 748 618 810 minus
635 765 732 809 serere
751 755 779 809 et
798 748 903 810 melius
923 767 1018 824 arare,
1038 752 1144 831 quain

86 833 234 895 sententia
249 840 277 894 et
290 833 446 914 Vergilium
461 834 552 895 fuisse
566 832 665 907 video;
684 851 843 913 verumque
858 834 1064 897 confitentibus
1078 835 1144 898 lati-

86 918 190 980 l'undia
205 919 355 999 perdidere
368 919 495 993 ltaliam,
514 919 573 979 iam
587 936 656 979 vero
673 926 701 981 et
715 918 894 998 provincias,
909 955 953 964 -
967 937 1018 980 sex
1032 921 1144 982 demini

86 1004 246 1067 semissem
260 1003 372 1065 Africae
385 1002 587 1084 possidebant,
610 1021 677 1064 eum
690 1003 834 1066 interfecit
848 1022 900 1065 ees
914 1004 992 1065 Nero
1007 1005 1144 1086 pn‘noeps

86 1124 146 1162 -,
166 1106 229 1150 non
248 1088 407 1150 fraudando
427 1088 625 1169 magnitudine
644 1088 700 1150 hae
718 1107 834 1169 quoque
856 1107 909 1150 sua
923 1088 975 1151 (16.
990 1090 1143 1171 Pompeio,

88 1174 142 1255 qni
159 1191 321 1254 numquam
340 1193 444 1253 agrum
461 1181 607 1236 mercatus
625 1181 670 1234 est
690 1175 916 1235 conterminum.
946 1175 1025 1253 Agre
1044 1183 1144 1254 empto

87 1259 213 1320 demum
236 1258 419 1320 vendendam
443 1259 630 1321 inclementer
649 1266 734 1338 atque
757 1276 820 1320 non
839 1278 874 1320 ex
898 1259 1020 1322 utilitate
1038 1260 1144 1340 publici

87 1350 185 1405 status
199 1342 282 1423 Mago
298 1343 425 1418 censuit,
444 1344 503 1404 666
521 1343 640 1405 exordio
662 1353 815 1424 praecepta
835 1345 965 1424 p'andere
984 1344 1143 1423 ingressus,

86 1436 123 1490 ut
133 1436 230 1490 tamen
240 1437 378 1508 appareat
388 1428 587 1492 assiduitatem
598 1428 790 1490 desideratam
805 1428 897 1489 abeo.
922 1428 1034 1491 llehinc
1043 1430 1145 1508 peritia
1166 1439 1198 1489 36

86 1513 241 1574 vilicorum
255 1513 287 1574 in
302 1533 371 1575 eura
389 1513 522 1575 habenda
542 1521 599 1588 est,
616 1513 765 1592 multaque
786 1514 821 1574 de
838 1513 874 1574 iis
895 1512 965 1574 Cato
984 1515 1145 1594 praecepit3

86 1597 177 1660 nobis
199 1597 269 1659 satis
289 1599 328 1659 sit
345 1597 455 1660 dixisse
479 1618 564 1677 quam
583 1597 752 1677 proximum
774 1598 895 1659 demine
911 1598 999 1660 corde
1013 1616 1078 1659 esse
1093 1599 1144 1659 de-

85 1683 161 1745 bere
185 1690 216 1743 et
232 1690 330 1745 tamen
349 1683 522 1764 sibimetipsi
546 1700 608 1744 666
627 1682 727 1744 videri.
763 1682 826 1743 Geli
844 1701 914 1743 rura
933 1682 969 1743 66
994 1683 1144 1760 ergastulis

86 1767 254 1849 pessimum
269 1775 328 1842 est,
344 1775 373 1829 et
387 1768 527 1848 quidquid
542 1767 636 1847 agitur
650 1787 666 1829 a
681 1766 914 1847 desperantibus.
944 1769 1144 1830 Temerarium

85 1852 220 1914 videatur
233 1871 323 1913 unam
337 1871 439 1914 vocem
453 1853 641 1931 antiquorum
656 1852 806 1931 posuisse,
827 1860 855 1913 et
868 1853 1002 1914 fortassis
1017 1852 1143 1914 incredi-

86 1936 148 1999 bile
161 1936 278 2017 penites
290 1938 465 2012 aestimetur,
479 1938 552 1998 nibil
561 1937 661 1999 minus
672 1937 808 2016 expedire
820 1956 909 2017 quam
920 1956 1023 2017 agrem
1035 1938 1144 2018 optime

87 2021 193 2084 celere.
208 2022 240 2082 L.
253 2022 357 2083 Tarius
368 2024 463 2084 Rufus
478 2023 514 2084 ab
528 2023 628 2084 infima
638 2022 776 2083 natalium
787 2022 946 2084 humilitate
961 2022 1143 2085 consulatum
1165 2032 1195 2081 37

86 2105 206 2169 militari
225 2106 366 2168 industria
389 2108 524 2179 meritus,
549 2108 685 2186 antiquae
708 2108 777 2169 alias
796 2107 1005 2187 parsimoniae,
1029 2108 1144 2170 circiter

85 2191 182 2253 milies
197 2191 255 2252 HS.
274 2192 441 2254 liberalitate
464 2193 522 2254 divi
540 2192 662 2271 Augusti
685 2201 858 2272 congestum
875 2211 970 2272 usque
988 2193 1026 2254 ad
1045 2194 1142 2256 detra-

86 2276 245 2340 ctationem
259 2277 373 2338 heredis
393 2278 525 2340 exhausit
544 2295 631 2356 agros
651 2277 682 2338 in
696 2277 804 2339 Piceno
825 2279 984 2339 coemendo
1004 2278 1142 2340 colendo-

120 2492 164 2546 36.
183 2494 330 2562 Vergilium
340 2511 425 2560 georg.
439 2495 463 2558 2,
473 2496 522 2545 412
535 2497 591 2547 lee-
642 2494 791 2559 6611116661,
804 2496 859 2545 weil
871 2496 882 2546 l
895 2497 919 2546 16
932 2496 991 2547 zelle
1001 2511 1051 2546 voe
1062 2495 1144 2546 116166

81 2562 276 2629 mangenae
284 2579 355 2629 rura,
368 2566 494 2629 exiguum
505 2564 588 2614 colite.
642 2564 702 2626 lang
719 2563 754 2613 ist
769 2563 819 2612 661
835 2563 900 2613 1666
917 2579 965 2613 vor
979 2566 991 2612 ι’
1006 2564 1050 2613 166
1068 2563 1145 2613 61661

84 2631 175 2683 116661.
184 2638 233 2682 eet
245 2629 270 2696 2,
284 2630 307 2698 6,
321 2631 333 2680 1
347 2632 394 2682 666
405 2636 463 2682 eret
471 2635 499 2681 in
510 2634 590 2682 66666
642 2629 784 2693 wegbleibt.
805 2629 868 2680 Cato
877 2645 931 2697 cap.
942 2631 965 2680 5.
977 2658 1011 2666 -
1023 2645 1100 2697 quaro
1110 2659 1144 2667 -

81 2698 179 2753 medea
190 2701 253 2764 agri
262 2716 314 2750 nrm
325 2701 365 2749 ite
375 2715 494 2765 maveteus.
506 2726 541 2735 -
552 2699 589 2748 io-
642 2697 736 2760 eadem,
748 2697 789 2747 bei
801 2696 863 2748 Ceto
875 2715 908 2748 ee
917 2698 977 2767 plus
988 2703 1092 2749 censeat
1102 2715 1143 2748 66-

84 2766 213 2834 tilwda'e,
231 2766 277 2817 166
293 2765 405 2818 6666666
421 2782 466 2817 666
483 2767 530 2817 166
546 2782 588 2816 66-
639 2781 703 2835 pere
713 2782 742 2815 se
753 2781 829 2831 quem
839 2765 977 2817 doneinum.

82 2835 245 2887 6616666666
262 2832 385 2885 Familiee
403 2835 428 2884 in
444 2834 524 2895 liem3
548 2835 588 2884 die
676 2833 753 2885 eorde
773 2857 808 2877 =
831 2833 947 2899 ingenie,
983 2834 1142 2899 dicbterisolr,

82 2900 171 2954 muer
186 2902 284 2952 trieben
300 2904 363 2953 auch
384 2903 488 2966 eigenen
505 2902 588 2953 Lend-
642 2901 847 2952 wehrseheinlielr
859 2917 905 2952 666
917 2902 998 2953 616666
1004 2901 1159 2955 versetis*

82 2968 144 3023 1166.
642 2969 691 3022 to’s
708 2971 733 3020 in
750 2971 798 3021 166
811 2975 950 3040 praecepto
966 2971 1013 3036 (zu
1028 2971 1053 3036 1,
1071 2970 1142 3036 111),

77 3042 80 3049 “
118 3052 172 3090 nee
178 3038 344 3105 frendendo,
356 3055 388 3089 ze
402 3036 441 3102 10,
454 3037 495 3088 81.
508 3039 533 3102 2,
545 3038 587 3088 25.
641 3039 737 3090 welche
749 3053 794 3089 666
805 3038 1083 3092 seturnisebenVersen
1091 3041 1142 3090 und

113 3104 214 3187 Mage,
228 3106 269 3157 ein
280 3106 469 3171 karthagisober
480 3106 588 3158 6666111-
642 3106 722 3159 Prose
745 3107 866 3170 gemiscbt
889 3123 1006 3171 gewesen
1031 3123 1064 3157 zu
1088 3108 1143 3158 6616

83 3172 178 3225 atellei·
205 3173 269 3224 uber
291 3174 331 3225 116
354 3174 588 3240 Lendwirtbsolrelb,
642 3170 1144 3244 scbeinenmtdtquomprdoeumu'edrdd

83 3242 179 3293 166666
195 3241 279 3294 Werk
296 3243 358 3293 6666
380 3244 426 3293 166
441 3242 589 3306 Erobernng
641 3241 728 3295 6116616
736 3239 842 3310 peritus
859 3239 977 3308 6666166,
994 3240 1045 3294 ott
1056 3247 1142 3295 tmen

81 3324 136 3362 von
159 3307 287 3374 Kertbege
309 3310 335 3360 in
352 3308 431 3374 Folge
449 3311 518 3360 eines
541 3310 589 3360 Se·
641 3308 695 3378 ipsi
709 3307 713 3377 Ι
728 3305 781 3360 666
793 3306 966 3361 6666166166.

82 3376 303 3429 661666666166666
320 3378 359 3428 166
372 3377 531 3429 Lateinisebc
553 3376 586 3443 (ξ.
676 3377 717 3427 37.
736 3376 902 3441 consulatum,
916 3376 947 3426 16
958 3393 983 3427 v.
994 3376 1021 3428 C.
1032 3378 1071 3428 616
1084 3394 1143 3428 666-

83 3445 128 3510 22)
150 3444 200 3496 und
216 3446 250 3497 im
270 3447 367 3497 letzten
384 3446 469 3496 16666.
485 3462 510 3496 v.
528 3444 586 3495 Cbr.
642 3445 682 3495 661
698 3443 826 3495 suffectus.
863 3443 915 3494 Der
931 3443 1010 3495 Neme
1026 3445 1061 3494 ist
1075 3445 1143 3494 wohl

82 3528 136 3565 ven
149 3512 251 3565 Cmeim
262 3513 399 3581 Dionysius
410 3513 537 3566 66611666
548 3514 588 3562 ins
641 3528 691 3563 von
715 3513 771 3562 dem
795 3511 886 3562 Flesse
912 3511 994 3561 Tarus
1015 3511 1040 3560 in
1061 3510 1143 3562 Gellia

83 3580 247 3634 Grieebiecbe
262 3582 354 3646 (Verre
366 3597 389 3632 6.
400 3582 460 3644 6.,1,
476 3581 498 3643 1)
511 3581 586 3631 iiber·
642 3581 775 3646 eispadana
786 3579 930 3643 obgeleitet.

85 3656 156 3701 setzt
184 3651 280 3701 werde.
329 3650 422 3701 Diesee
449 3648 586 3715 Dionysius
675 3648 766 3714 milies,
783 3647 830 3697 leo
844 3644 975 3697 blillionen
989 3646 1142 3714 Sesterzien,

84 3724 166 3769 nenut
180 3717 218 3769 Pl
236 3725 312 3769 enter
326 3718 412 3768 661666
429 3715 542 3782 Quellen.
554 3744 588 3753 -
641 3716 704 3767 iiber
715 3715 765 3770 ee.
780 3713 911 3765 llillionen
924 3713 1026 3766 Tbsler.

82 3786 207 3855 persedere,
230 3786 380 3837 dicbteriseb
399 3808 434 3827 =
453 3785 587 3851 explicere,
675 3783 822 3847 detractet„
849 3784 960 3835 eeltnere
979 3782 1055 3835 Ferm
1079 3790 1142 3834 statt

88 3853 168 3920 14,3
201 3858 319 3922 meopte
333 3853 454 3920 agricolis
467 3852 588 3921 paedore.
641 3853 760 3917 6616661,
781 3851 830 3902 wie
845 3852 908 3903 6666
925 3851 1069 3905 detractare
1083 3867 1142 3903 ver-

120 3870 588 3988 3666116666661666666666361.
642 3921 745 3972 166161.
782 3919 841 3971 Sele
857 3919 926 3971 Erbe
947 3922 1068 3988 welperte
1090 3920 1142 3979 6166

85 4019 121 4028 -
132 3990 264 4043 ee'lieerem
280 3992 324 4040 bat
346 3989 386 4040 die
405 3989 477 4040 66616
492 3989 590 4054 111666,
644 3989 684 4041 116
701 3987 841 4040 1166666611,
854 3995 1015 4057 6666166166,
1035 3988 1095 4040 weil
1114 4001 1144 4036 er

894 4073 942 4124 15*
