2566 4576
135 402 197 465 330
235 399 441 453 essentem
458 399 525 452 nnn
542 399 752 452 multumt
769 398 992 466 (xxxlv,e‚1e
1006 400 1116 467 thro).

133 555 280 635 lsigonns,
295 557 503 634 Pyromachus
514 555 708 627 Stratonicus,
720 554 884 634 Antigonus
895 554 1109 635 quivolnmina
1123 574 1192 618 oon·

133 640 206 702 didit
220 641 257 701 de
270 659 322 702 sua
338 650 407 702 arte.
428 639 532 703 Boethi
543 658 721 720 quamquam
732 649 854 719 argento
865 640 995 702 melioris
1006 640 1108 702 intans
1117 641 1193 703 alnis

136 744 270 786 anserem
296 725 464 803 strangulat.
498 729 592 804 Atque
615 744 651 786 ex
675 725 813 787 omnibus
836 743 910 805 quae
932 725 1018 786 retuli
1036 725 1194 788 clarissima

136 830 267 890 (praeque
277 811 308 871 in
319 810 391 871 urbe
405 811 461 870 iam
477 820 548 871 sunt
562 810 655 871 dimta
669 829 685 870 a
700 810 879 890 Vespasiano
892 810 1026 890 principe
1040 811 1074 871 in
1087 813 1193 892 templo

136 896 221 957 Pacis
237 896 356 974 aliisque
370 895 434 955 eius
450 895 598 974 operibus,
612 894 748 956 uiolentia
758 895 884 956 Neronis
898 895 929 956 in
942 895 1049 957 urbem
1060 904 1194 959 coneew

81 992 113 1041 85
135 989 163 1041 et
178 981 208 1041 in
223 980 345 1040 sellariis
360 980 468 1041 domus
483 998 587 1040 aureae
600 980 754 1060 disposita.
781 979 932 1042 Praeterea
947 989 1019 1042 sunt
1028 981 1195 1061 aequalitate

135 1064 267 1126 celebrati
292 1064 418 1125 artifices
441 1065 494 1125 sed
514 1065 600 1125 naulis
620 1084 743 1144 operum
763 1083 888 1126 suorum
907 1066 1059 1146 praecipui
1077 1067 1193 1128 Ariston

134 1150 183 1229 qui
198 1158 227 1209 et
241 1158 393 1228 argentum
408 1149 522 1211 caelare
536 1150 641 1211 solitus
656 1159 714 1222 est,
733 1148 874 1224 Callicles,
893 1150 1018 1222 Ctesias,
1034 1151 1193 1213 Cantharus

134 1234 302 1313 Sicyonius,
332 1235 479 1296 Diodorus
504 1235 610 1296 Critiae
634 1235 810 1315 discipulus,
840 1235 984 1307 hellades,
1011 1235 1192 1316 Euphorion,

134 1318 262 1380 Eunicus
285 1328 315 1379 et
334 1320 493 1380 llecataeus
516 1320 628 1398 argenti
647 1320 817 1393 caelatores,
840 1320 1010 1393 Lesbocles,
1036 1321 1192 1395 Pronurus,

135 1405 327 1485 Pythodicus,
341 1405 519 1484 Polygnotus
535 1406 613 1466 idem
628 1405 724 1485 pictor
739 1424 756 1466 e
770 1405 970 1479 nobilissimis,
985 1406 1057 1466 item
1073 1425 1091 1466 e
1105 1407 1192 1467 eaela-

82 1501 114 1550 86
136 1490 250 1565 toribus
265 1490 465 1561 Stratonicus,
486 1491 630 1571 Scymnus
646 1490 751 1551 Critiae
769 1490 938 1571 discipulus.
967 1490 1056 1552 Nunc
1074 1509 1192 1570 percm-

135 1576 207 1636 sebo
234 1576 355 1654 eosqui
375 1576 508 1637 eiusdem
529 1576 642 1654 generis
661 1593 751 1654 opera
770 1577 913 1649 feceram,
937 1583 972 1637 nt
989 1576 1192 1655 Apollodorus,

135 1661 337 1731 Andmbulus,
353 1660 590 1740 Asclepiodorus,
605 1661 710 1721 Aleuas
725 1660 934 1740 philosophos,
948 1660 1066 1739 Apellas
1081 1668 1110 1722 et
1122 1661 1192 1722 ado·

135 1755 232 1807 rantes
258 1746 396 1818 feminas,
424 1746 602 1826 Antignotus
621 1754 650 1806 et
669 1745 924 1825 perixyomenum,
943 1746 1192 1826 tyrannicidasque

136 1849 225 1910 supra
240 1831 335 1892 dictos
350 1830 554 1904 Antimachus,
574 1831 781 1892 Athenodorus
797 1830 919 1891 feminas
935 1831 1067 1905 nobiles,
1081 1831 1192 1892 Aristo·

137 1918 241 1977 demus
252 1925 282 1976 et
291 1918 448 1978 luctatores
460 1916 600 1996 bigasque
611 1934 677 1977 urm
690 1917 797 1993 auriga,
806 1915 1011 1995 philosophos,
1020 1916 1128 1976 Annus
1142 1916 1191 1977 Se

136 2002 250 2062 leucum
270 2019 383 2079 regem3
405 2001 492 2062 habet
510 2002 632 2080 gratiam
651 2020 735 2062 suam
755 2001 843 2061 huius
863 2019 981 2080 quoque
999 2001 1191 2081 doryphorus

83 2093 114 2142 aa
136 2085 326 2164 Cephisodoti
341 2087 399 2146 duo
415 2088 509 2146 luere:
528 2086 637 2165 prioris
651 2094 697 2147 est
711 2086 870 2146 Mercurius
884 2085 1024 2147 Liberum
1038 2086 1192 2166 patremin

135 2170 254 2230 iniantia
273 2170 423 2244 nutriens3
443 2171 510 2231 lecit
529 2178 559 2230 et
577 2171 797 2231 contionantem
812 2189 903 2232 manu
916 2171 1003 2242 elata,
1022 2170 1192 2250 personain

135 2255 246 2315 incerto
255 2254 1192 2335 est3sequensphilosophosierit;ColotesqnicumPhidialorem

121 2337 301 2420 'Olympium
317 2340 422 2401 lecerat
436 2339 647 2420 philosophos,
663 2340 732 2401 item
744 2339 832 2401 Cleon
848 2350 877 2402 et
887 2340 1077 2402 Cenchramis
1092 2341 1192 2402 etCal-

136 2491 218 2557 liduig
235 2510 284 2544 von
300 2493 446 2557 Pergamus,
470 2493 582 2558 besiegte
598 2495 639 2543 dic
692 2493 839 2544 ausserbalb
862 2494 907 2543 des
930 2493 1044 2543 Palatius
1067 2493 1193 2557 liegondm

135 2563 159 2611 in
181 2561 325 2614 lileinasien
342 2563 561 2627 eingedrungenen
578 2561 639 2613 Gal·
693 2561 782 2612 'l'beile
794 2561 910 2612 denda
923 2561 1065 2611 abbrecben
1077 2563 1129 2612 und
1140 2575 1193 2611 ver·

136 2631 183 2680 lier
199 2647 240 2681 arn
256 2631 306 2681 229
326 2631 367 2681 bei
384 2632 527 2695 Pergamus,
546 2631 639 2681 Eume-
692 2631 782 2680 theilte
809 2630 849 2679 dic
872 2627 1044 2679 liunstwerke
1073 2629 1099 2679 iu
1129 2629 1193 2679 scine

136 2714 180 2748 nes
193 2696 237 2763 11,
261 2701 315 2750 sein
328 2698 494 2763 Nacbfolgen,
515 2699 562 2749 166
575 2716 600 2749 u.
611 2699 639 2749 C.
692 2699 795 2749 Bauten.

135 2765 340 2832 Nacbhildungeu
361 2769 446 2818 dieser
466 2767 563 2817 Werle
585 2768 639 2816 sind
727 2767 768 2816 85.
798 2765 963 2831 aequalitate,
991 2780 1103 2830 „stegen
1132 2766 1193 2816 ihrer

136 2835 177 2883 die
190 2834 401 2886 Mamorstatnen
414 2836 454 2884 bei
464 2833 558 2883 ,lliiller
567 2834 638 2884 Dknr.
694 2834 936 2897 Gleiehzeitigleit“.

138 2902 160 2963 l,
173 2901 215 2951 AS.
541 2915 548 2925 ’
727 2903 895 2969 Polygnotus,
905 2900 947 2965 ³5,
959 2899 1001 2951 58.

170 2969 266 3032 Bamhq
285 2969 326 3028 33,
345 2969 401 3018 151.
426 2995 460 3003 -
487 2967 556 3018 alaa's
577 2970 638 3019 nach
727 2969 769 3019 86.
787 2970 971 3033 etadoraates,
982 2983 1074 3019 ausser
1085 2969 1195 3019 Philoso-

136 3034 232 3099 llanpt3
255 3037 294 3084 die
315 3035 407 3084 llands.
427 3038 548 3085 secenum
570 3036 602 3097 (d.
615 3037 639 3085 h.
692 3038 864 3104 phenbildern.
960 3058 965 3065 ·

135 3102 164 3154 V
163 3101 178 3150 1
182 3104 272 3165 enam).
285 3103 320 3152 Es
332 3102 386 3164 giht
398 3103 513 3152 mehrere
521 3101 640 3153 Nachbil·
726 3106 888 3170 (commotos
910 3105 978 3156 lebte
998 3121 1046 3154 zur
1066 3104 1127 3156 Zeit
1145 3105 1194 3156 Au·

135 3171 242 3232 dungen,
256 3186 278 3218 z.
293 3170 319 3220 B.
333 3171 365 3220 im
377 3169 484 3236 Capitol.
692 3180 784 3237 gasts..
1173 3186 1178 3191 '

170 3237 262 3305 templo
277 3239 367 3305 Ibet's,
391 3254 480 3302 wegen
504 3240 549 3290 des
569 3240 638 3304 jiidi-
727 3243 905 3308 tyraanicidas
920 3241 945 3307 ἦ.
964 3241 1009 3302 70,
1028 3242 1195 3292 wabrsebeiu·

135 3307 210 3357 seben
223 3306 297 3372 Sicgs
311 3309 342 3357 75
355 3325 379 3358 v.
392 3306 419 3358 C.
431 3308 576 3371 vollendet3
593 3309 639 3358 der
693 3310 741 3359 lieh
762 3310 854 3375 Copien
875 3313 921 3361 der
944 3309 1196 3374 zurichgegebenen3

135 3375 162 3426 T.
178 3375 221 3437 lag
241 3375 265 3424 in
287 3377 332 3426 det·
349 3377 446 3427 ulerten
463 3377 558 3439 Region
576 3378 638 3426 nahe
692 3379 718 3428 in
731 3377 832 3443 Syrien.

134 3460 172 3494 arn
179 3443 272 3493 Forum
282 3445 331 3493 und
342 3459 394 3493 war
404 3445 475 3494 einer
484 3446 529 3494 der
538 3446 639 3511 praelat·
727 3448 819 3496 Annus
829 3448 868 3497 cin
878 3444 1140 3510 aramiischerName,
1150 3445 1195 3495 wie

136 3513 244 3562 vollsten
258 3513 281 3560 in
295 3513 340 3561 der
353 3511 433 3574 Stadt,
447 3511 487 3572 36,
503 3513 559 3562 102.
692 3516 777 3564 Anna.

167 3581 286 3630 uiolentia
299 3578 420 3641 ,i'eronr'r,
440 3580 485 3628 der
501 3580 577 3629 allein
593 3597 638 3631 aus
727 3581 767 3630 81.
789 3584 887 3650 prioris
902 3583 928 3648 ξ.
945 3582 986 3631 50.
1010 3608 1045 3618 -—
1068 3582 1196 3644 Liberum,

135 3648 223 3713 Delphi
233 3647 283 3695 500
292 3647 424 3697 Erabilder
434 3647 639 3712 cntliihrte‚Pau-
692 3651 739 3699 den
764 3666 793 3699 cr
817 3651 900 3714 hiiulig
924 3652 948 3700 in
970 3650 1066 3700 Relieis
1087 3650 1134 3701 auf
1151 3652 1196 3700 deu

135 3730 188 3765 san.
204 3715 242 3777 10,
255 3716 279 3777 7,
296 3716 316 3765 l.
693 3718 795 3767 lliindeu
807 3719 884 3781 erige
895 3719 919 3783 §.
930 3718 971 3768 51.
983 3745 1017 3755 -
1033 3734 1113 3768 muna
1125 3719 1197 3780 elata,

170 3783 429 3834 sellariis-aureae
446 3783 485 3848 36,
505 3783 561 3834 lll.
591 3785 639 3834 sel-
693 3786 716 3834 in
741 3787 915 3837 reduerisehec
932 3786 1060 3849 Geherde,
1086 3787 1135 3837 wie
1159 3787 1196 3836 bei

135 3852 217 3902 iuriae
233 3868 267 3901 sc.
287 3852 385 3902 diaetae
401 3853 455 3902 sind
469 3853 540 3916 Sile,
559 3854 638 3903 sucin
692 3854 786 3904 bliiller
797 3855 900 3903 Denlm.
916 3855 937 3916 1,
951 3855 993 3917 50,
1006 3854 1065 3904 225.

136 3919 223 3970 Sessel
237 3920 339 3981 (sellael
352 3921 465 3983 standen‚
478 3936 535 3970 zum
547 3920 640 3971 Enter-
726 3939 840 3987 sequens,
862 3923 909 3971 der
923 3923 1040 3989 iungere,
1062 3923 1112 3973 wie
1130 3940 1153 3973 z.
1170 3924 1196 3973 Β,

136 3988 236 4037 schiede
248 4004 297 4038 uon
310 3988 468 4052 denjenigen‚
485 3989 565 4038 worin
582 4004 638 4038 man
694 3989 804 4055 15,126.

136 4055 176 4105 bei
188 4054 278 4107 'rische
291 4057 341 4121 lag.
365 4055 502 4122 Vespasian
520 4057 581 4107 liess
598 4057 638 4106 die
725 4058 771 4123 qui
779 4057 974 4124 -seaarat35‚
987 4059 1029 4109 51.
1040 4086 1076 4097 -
1085 4059 1197 4128 pluriora·
