2566 4576
221 373 287 427 ZUll
304 373 727 428 ltuantuulrsouscutcnru
747 378 855 444 (XXVI,
871 374 1017 446 1,1-’6).
1084 386 1143 446 241

82 526 208 588 credidit
219 527 441 606 Theophrastus
457 546 523 589 esse
533 528 655 590 herbam
673 531 756 591 cuius
774 542 908 594 contactu
924 534 1015 602 illatae
1030 536 1066 597 ab
1082 538 1147 598 alite

82 630 175 692 quam
200 611 354 673 retulimus
382 613 509 674 exsiliret
532 632 641 675 cuneus
663 634 679 675 a
698 617 866 694 pastoribus
891 618 991 680 arbori
1017 621 1145 694 adactus

50 734 59 750 ι
83 716 158 776 quae
174 695 289 757 etiamsi
303 697 360 758 lide
376 706 483 770 carent,
499 698 720 761 admirationem
734 709 829 761 tamen
845 702 968 781 Implent
982 715 1147 785 coguntque

82 780 219 844 confiteri
233 782 359 842 multum
375 802 441 843 esse
456 784 536 861 quod
551 803 620 845 vero
637 785 773 863 supersit.
801 785 873 846 lnde
888 795 916 847 et
935 789 1092 868 plerosque
1107 791 1146 852 ita
1168 804 1199 852 15

81 866 168 928 video
190 866 369 941 existimare,
388 867 461 928 nihil
480 885 543 927 non
562 868 719 929 herbarum
733 869 761 929 vi
781 870 856 930 ellici
874 882 966 950 posse
988 874 1037 934 sed
1054 875 1146 952 pluri·

81 969 202 1012 marum
218 951 293 1011 vires
310 971 375 1012 esse
390 952 564 1030 incognitas
580 971 706 1031 quorum
722 953 752 1013 in
764 972 888 1024 numero
904 956 958 1018 luit
968 957 1146 1037 Herophilus

82 1037 179 1098 clarus
199 1035 357 1109 medicina,
382 1056 398 1098 a
418 1053 475 1114 quo
495 1039 593 1098 lerunt
612 1038 722 1099 dictum
743 1040 884 1117 quasdam
903 1043 1039 1102 fortassis
1058 1045 1145 1104 etiam

82 1120 208 1185 calcatas
228 1122 388 1201 prodesse;
414 1121 600 1183 observatum
621 1131 699 1183 certe
719 1131 763 1183 est
787 1123 960 1195 inflammari
974 1128 1093 1189 vulnera
1112 1149 1146 1190 ac

81 1205 207 1266 morbos
224 1215 401 1285 superventu
416 1225 520 1267 eorum
536 1207 585 1287 qui
600 1208 724 1286 pedibus
740 1208 795 1268 iter
810 1211 997 1272 confecerint.

506 1507 603 1570 (nucu
620 1508 731 1572 xxvvi.

221 1591 295 1653 ZUR
317 1593 789 1654 KRANKHEITSGESCHlCHTE
813 1596 859 1669 (1,
878 1595 948 1653 l—
960 1595 1007 1671 6).

137 1707 142 1720 ’
169 1710 269 1772 Sensit
288 1704 374 1773 lacies
394 1713 548 1774 bominum
569 1721 598 1772 et
616 1731 712 1773 novos
733 1712 871 1791 omnique
891 1731 959 1773 aevo
979 1712 1077 1791 priore
1099 1713 1144 1772 in·
1169 1729 1179 1777 1

83 1794 229 1872 cognitos
244 1814 306 1857 non
320 1796 419 1857 ltaliae
433 1798 523 1859 modo
544 1816 645 1858 verum
660 1797 746 1859 etiam
767 1797 919 1858 universae
939 1816 1033 1876 prope
1048 1798 1145 1858 Euro-

81 1897 137 1958 pae
152 1880 290 1954 morbos,
311 1893 384 1942 tunc
398 1900 516 1963 quoque
536 1900 598 1942 non
613 1889 673 1942 tota
689 1882 767 1942 ltalia
782 1900 836 1942 nec
851 1902 904 1962 per
918 1882 1063 1962 Illyricum
1078 1881 1145 1942 Gal-

81 1962 172 2025 liasve
191 1972 242 2026 aut
260 1965 417 2045 Hispanias
441 1986 620 2046 magnopere
637 1974 754 2045 vagatos
779 1975 828 2028 aut
848 1965 913 2028 alibi
932 1986 1020 2046 quam
1035 1966 1146 2028 Romae

82 2047 226 2128 circaque,
241 2049 304 2111 sine
319 2052 420 2111 dolore
436 2053 553 2131 quidem
569 2052 633 2112 illos
645 2071 679 2112 ac
691 2052 753 2112 sine
764 2051 893 2131 pernicie
905 2052 986 2124 vitae,
1004 2051 1054 2112 sed
1067 2058 1145 2112 tanta

81 2133 220 2195 foeditate
233 2143 266 2195 ut
280 2154 481 2215 quaecumque
496 2156 578 2198 mors
593 2137 783 2216 praeferenda
799 2143 885 2197 esset.

170 2218 382 2281 Gravissimum
402 2221 503 2281 erbis
528 2221 657 2282 lichenas
684 2222 862 2300 appellavere
884 2222 993 2283 Graeco
1013 2221 1143 2293 nomine,
1164 2232 1180 2282 t

81 2302 195 2378 Latine,
212 2304 350 2383 quoniam
366 2313 493 2367 amento
506 2308 565 2367 lere
578 2306 732 2379 oriebatur,
748 2306 867 2367 ioculari
879 2306 1009 2385 primum
1021 2305 1144 2378 lascivia,

82 2397 118 2452 ut
130 2396 177 2450 cst
190 2406 301 2468 procax
316 2390 477 2451 multorum
492 2400 594 2451 natura
611 2391 641 2451 in
656 2391 755 2451 alienis
771 2391 911 2455 miseriis,
927 2410 998 2451 mox
1013 2399 1041 2450 et
1054 2408 1143 2450 usur-

82 2480 153 2554 pato
169 2474 309 2534 vocabulo
326 2483 516 2553 mentagram
533 2484 726 2554 occupantem
739 2475 838 2534 multis
855 2481 884 2533 et
895 2474 974 2534 intus
990 2481 1069 2534 totos
1085 2473 1143 2533 uti-

81 2576 141 2641 que
156 2558 267 2632 vultus,
287 2559 378 2620 oculis
398 2568 511 2619 tantum
527 2560 723 2630 immunibus,
746 2557 971 2616 descendentem
986 2575 1054 2616 vcro
1071 2555 1144 2615 etin

82 2642 159 2707 eolla
171 2649 333 2723 pectusque
349 2662 383 2704 ac
397 2661 503 2704 manus
519 2642 605 2702 foedo
622 2643 695 2703 cutis
710 2642 829 2700 lurlure.

167 2726 236 2788 Non
254 2729 348 2789 luerat
368 2728 440 2788 baec
458 2728 521 2788 lues
541 2727 620 2806 apud
640 2726 766 2787 maiores
782 2732 938 2803 patresque
957 2731 1094 2794 nostros,
1116 2731 1144 2784 et
1165 2737 1180 2787 3
1209 2743 1211 2749 ·

81 2811 212 2892 primum
229 2812 272 2873 Ti.
289 2812 399 2873 Claudii
411 2811 541 2873 Caesaris
557 2812 722 2890 principatu
737 2809 833 2870 medio
849 2807 965 2888 irrepsit
979 2807 1010 2867 in
1023 2807 1144 2879 stabam,

82 2896 213 2977 quodam
227 2897 372 2958 Perusino
388 2897 483 2976 equite
494 2896 629 2957 Romano
646 2896 815 2974 quaestorio
832 2893 936 2966 scriba,
953 2911 1019 2954 cum
1034 2893 1065 2953 in
1077 2892 1145 2952 Asia

82 2981 280 3063 apparuisset,
300 2981 367 3043 inde
383 2980 587 3060 contagionem
607 2981 669 3041 eius
690 2981 880 3059 importante3
901 2996 958 3038 nec
978 2995 1096 3038 sensere
1116 2975 1146 3036 id

115 3132 178 3184 abta
192 3160 228 3169 -
247 3132 389 3198 retulimus,
411 3133 450 3196 10,
463 3132 497 3182 to
511 3133 587 3199 (pici)
642 3133 700 3182 vinz
725 3132 803 3181 Asien
833 3132 888 3180 dem
912 3129 1024 3195 Quiistor
1046 3128 1148 3192 gedient

78 3200 167 3270 pullos
182 3202 210 3250 in
226 3203 294 3250 cocio
307 3200 416 3250 educant
430 3204 518 3252 cadum
532 3200 589 3250 soli.
643 3202 721 3250 batte.
752 3200 797 3248 Die
810 3201 909 3249 scribae
921 3198 1043 3260 gebb'rten
1055 3212 1087 3244 zu
1099 3195 1147 3244 den

80 3268 200 3320 Adactos
216 3271 333 3318 carme
350 3284 440 3320 eccum
450 3286 467 3318 α
502 3273 590 3318 actore
643 3269 805 3335 apparitores·
819 3266 915 3334 publici
929 3265 981 3314 der·
991 3263 1147 3326 Magistmte,

81 3351 185 3398 mooe,
197 3335 303 3387 admota
314 3336 424 3402 quadam
434 3339 465 3387 ab
501 3340 506 3350 ’
530 3337 589 3386 lver-
644 3332 684 3385 die
697 3334 856 3384 dlfcntlicben
870 3333 931 3382 Sold
942 3331 1077 3395 belamcn,
1098 3330 1148 3380 und

82 3407 123 3471 da,
135 3403 202 3455 etati
211 3403 326 3454 creditur
336 3405 419 3470 vulgo.
645 3416 715 3451 zwar
730 3417 818 3465 wegeu
837 3402 883 3450 der
896 3399 1062 3462 Wicbtiglreit
1079 3398 1147 3447 ibres

114 3471 276 3540 Heropbilus,
288 3488 321 3521 zu
333 3471 374 3535 29,
387 3471 411 3521 6.
645 3468 789 3532 Gescb'ailts,
812 3469 843 3519 da
864 3469 901 3519 sie
919 3467 958 3517 die
979 3466 1147 3529 Recnnungen
1181 3502 1183 3506 »

117 3560 120 3565 ·
643 3536 746 3587 lvibrtcn
761 3537 811 3586 und
829 3538 877 3586 den
892 3534 989 3586 llandel
1004 3532 1148 3583 beuulsicb-

50 3607 59 3624 '
117 3605 153 3667 2„
172 3605 296 3669 Romae,
320 3605 451 3657 Flccbtcn.
492 3604 525 3653 So
549 3604 591 3654 bei
644 3606 736 3669 tigten,
761 3605 800 3655 nls
821 3605 861 3655 die
883 3604 1027 3668 geebrtestc
1047 3597 1147 3650 lilusse.

81 3673 186 3725 blartinl
205 3673 248 3739 11,
267 3672 299 3724 98
319 3689 366 3724 nec
386 3675 461 3724 triste
476 3676 592 3722 mentum
644 3673 728 3723 Daber
744 3673 778 3722 ist
795 3688 823 3722 cs
839 3673 908 3722 nicht
923 3687 955 3720 zu
972 3669 1147 3732 veruuodern‚

82 3741 230 3807 sordidique
246 3741 363 3792 dodonec.
399 3744 525 3808 usurpato
541 3755 590 3791 von
644 3741 703 3790 dass
721 3740 757 3790 sie
774 3742 837 3790 auch
852 3740 965 3790 ausdcm
976 3736 1148 3787 liitterstandc

82 3808 266 3861 dcuAerzteu.
645 3823 789 3871 genommen
803 3809 914 3858 wurdcn.
938 3806 971 3856 So
989 3807 1013 3855 iu
1026 3805 1096 3854 einer
1106 3802 1148 3854 ln-

116 3881 294 3943 amtugram,
312 3877 361 3927 wie
373 3878 496 3942 podagra,
509 3875 591 3925 chiro·
645 3873 733 3925 schrift
758 3875 798 3925 bei
823 3875 946 3926 Muratori
975 3871 1081 3937 to9t‚1
1109 3873 1149 3922 ein

82 3959 137 4009 gra,
150 3961 201 3996 von
212 3953 322 3996 mentum
334 3945 383 3995 und
395 3960 480 4008 aeger.
644 3944 731 3994 setta
742 3947 904 4009 quaestorius
963 3942 1073 3993 donatus
1085 3955 1148 4005 equo

117 4010 142 4062 3.
161 4016 335 4082 apparuisset,
347 4013 386 4062 als
399 4028 428 4062 er
440 4013 465 4061 in
474 4014 520 4062 der
528 4008 592 4060 Pro·
642 4011 742 4080 publico
765 4015 797 4062 ab
817 4012 882 4082 Imp.
905 4012 1015 4063 Cacsmc
1037 4007 1150 4061 Traiano

138 4093 302 4140 curaremur.
318 4093 430 4140 Pliniana.
916 4095 946 4146 16
