2566 4576
281 1216 346 1306 III.
402 1215 922 1312 THIERGESGHICHTE.

472 1413 744 1423 —————.—

442 1564 643 1618 vrnnni'rssmn
658 1577 780 1617 nmnnn.

518 1680 615 1745 (BUCII
631 1680 711 1746 VIII).

333 1801 407 1861 nna
429 1801 629 1864 usnemun
651 1802 889 1881 (1‚1-9,9).

158 1915 201 1997 lu
216 1936 325 2018 reliqua
339 1945 522 2000 transeamus
538 1939 671 2002 aulnralia
681 1948 709 2000 et
723 1939 853 2020 primum
864 1940 1020 2001 terrestria.
1045 1939 1136 2001 llari·
1158 1950 1170 2000 1
1226 1963 1233 1975 ·

76 2036 162 2080 mum
177 2030 223 2082 est
237 2022 353 2101 elephas
367 2023 591 2104 proximumque
605 2025 741 2088 humanis
757 2026 908 2100 sensibus,
930 2025 1039 2105 quippe
1051 2025 1136 2087 intel·

76 2104 171 2166 lectus
185 2107 241 2168 illis
262 2109 409 2170 sermonis
423 2110 508 2188 patrii
523 2119 552 2170 et
565 2111 758 2191 imperiorum
774 2110 937 2172 obedientia
953 2111 1135 2173 officiorum·

78 2209 136 2270 que
155 2211 228 2272 qnae
247 2193 373 2255 didicere
390 2194 546 2269 memoria,
569 2197 679 2269 amoris
699 2204 728 2257 et
746 2196 854 2275 gloriae
875 2197 1022 2276 voluptas,
1041 2196 1135 2258 immo

77 2294 163 2351 vero,
183 2296 256 2357 quae
271 2279 356 2339 etiam
371 2279 401 2340 in
415 2280 535 2341 homine
549 2300 628 2355 rara,
649 2282 793 2360 probitas,
808 2281 976 2362 prudentia,
996 2283 1135 2361 aequitas,

52 2432 55 2437 ¹
77 2359 179 2437 religio
200 2381 316 2443 quoque
336 2364 465 2425 siderum
490 2365 618 2444 solisque
638 2384 672 2425 ac
694 2366 779 2426 lunae
801 2366 956 2427 veneratio.
992 2367 1134 2427 ductores
1155 2375 1171 2426 2

80 2452 150 2506 sunt
164 2446 195 2506 in
209 2448 403 2509 Mauretaniae
422 2449 541 2510 saltibus
561 2451 597 2509 ad
613 2450 758 2528 quendam
772 2467 889 2509 amnem
904 2449 951 2509 cui
964 2466 1075 2509 nomen
1089 2457 1135 2510 est

77 2528 164 2593 Audo
184 2531 347 2592 nitescente
371 2533 438 2593 luna
456 2552 533 2593 nova
552 2552 654 2612 greges
670 2551 773 2592 eorum
792 2532 969 2592 descendere
987 2532 1083 2610 ibique
1103 2552 1136 2593 se

57 2652 68 2686 o
77 2617 268 2696 purificantes
284 2610 462 2677 sollemniter
480 2636 553 2696 aqua
569 2615 776 2695 circumspergi
795 2624 881 2695 atque
893 2615 934 2695 ita
954 2615 1078 2676 salutato
1095 2614 1136 2676 si-

78 2701 149 2762 dere
164 2699 195 2761 in
211 2700 295 2762 silvas
311 2700 425 2775 reverti,
440 2701 597 2763 ritmorum
612 2702 746 2781 fatigatos
762 2720 880 2782 praese
896 2702 1033 2762 ferentes.
1059 2701 1136 2762 Alie-
1156 2714 1172 2765 3

78 2802 133 2846 nae
155 2804 271 2867 quoque
290 2785 440 2865 religionis
455 2786 600 2848 intellectu
619 2786 777 2848 creduntur
792 2786 884 2848 maria
903 2784 1056 2847 transituri
1074 2802 1136 2846 non

78 2879 146 2933 ante
160 2889 248 2932 naves
263 2873 458 2934 conscendere
473 2892 560 2952 quam
574 2872 685 2934 invitati
698 2873 820 2934 rectoris
835 2871 1022 2934 iureiurando
1038 2872 1074 2933 de
1087 2891 1136 2934 re-

78 2955 151 3030 ditu,
165 2956 277 3036 visique
292 2965 360 3018 sunt
379 2958 449 3020 fessi
468 2958 658 3038 aegritudine,
678 2958 794 3039 quando
814 2967 843 3020 et
861 2958 925 3019 illas
945 2959 1039 3019 moles
1059 2958 1135 3020 iule-

80 3048 159 3103 stant
172 3042 278 3116 morbi,
292 3042 397 3104 herbas
413 3043 510 3124 supIni
525 3044 555 3104 in
571 3045 681 3106 caelum
692 3044 838 3118 iacientes,
852 3043 940 3104 veluti
950 3044 1052 3104 tellure
1066 3062 1135 3124 pre-

80 3125 162 3189 cibus
177 3127 302 3207 allegata.
333 3127 407 3189 Nam
422 3129 502 3208 quod
517 3129 552 3191 ad
567 3129 742 3192 docilitatem
757 3130 870 3202 attinet,
889 3147 988 3208 regem
1003 3129 1135 3202 adorant,

112 3298 137 3349 2.
155 3295 340 3348 Moreretma'oc.
362 3297 414 3346 Der
424 3297 580 3348 westlichste
632 3298 764 3360 lustratio,
782 3297 823 3346 die
836 3295 991 3346 vermittelst
1003 3297 1075 3346 einer
1085 3295 1134 3345 Be-

79 3365 154 3417 'l'hell
164 3381 214 3415 von
226 3363 390 3428 Nordafrika,
402 3379 451 3413 von
463 3364 580 3415 Claudius
634 3364 896 3430 sprengunggeschah.
905 3391 940 3399 —
950 3365 989 3412 tta
997 3361 1137 3413 nuchVoll·

79 3449 126 3484 zur
136 3433 246 3485 Provinz
258 3433 384 3496 gemacht,
400 3432 525 3495 ungerem
536 3432 581 3482 das
634 3432 758 3494 hringnng
766 3431 849 3480 dieser
859 3429 1012 3480 Ceremonio.
1024 3456 1059 3465 —
1070 3428 1137 3478 ulle·

78 3502 180 3566 hentlge
200 3500 324 3552 Marokko
345 3500 395 3550 und
416 3500 457 3549 ein
477 3514 591 3563 grosser,
634 3494 1135 3562 re,demNeumond.VghPlutsolnl'l.

78 3567 153 3621 Theil
169 3585 219 3619 von
235 3568 364 3631 Algerlen.
380 3594 416 3604 -
437 3567 489 3616 Der
504 3566 581 3616 Flnes
668 3565 693 3616 4.
720 3565 859 3617 tellure-
873 3564 992 3629 allegato.
1024 3562 1136 3627 allegare

78 3637 172 3689 Aucus
183 3637 247 3687 wird
259 3636 299 3687 hei
307 3635 412 3686 Ptolem.
422 3634 446 3702 4,
458 3634 483 3697 2,
496 3633 524 3683 ll
538 3648 581 3684 er·
633 3634 771 3699 gebraucht
786 3648 843 3683 mun
862 3631 1001 3683 hesonders
1017 3646 1067 3683 von
1085 3631 1137 3682 sol-

78 3707 173 3757 wihnt.
202 3704 240 3755 Er
260 3707 320 3754 lloss
340 3704 366 3754 in
385 3704 453 3754 ders.
470 3701 581 3753 Provinz
635 3704 697 3754 chen
708 3702 897 3767 hhgesandten,
913 3701 1008 3751 welche
1019 3699 1135 3752 rurhitte

79 3770 581 3837 Constantine,indemdstlichenTheile
634 3771 678 3821 liir
696 3771 744 3823 den
766 3771 864 3821 Sender
885 3771 945 3820 thnn
967 3769 1056 3820 sollen.
1088 3769 1134 3820 Die

78 3857 129 3892 von
140 3841 185 3905 M,
198 3841 243 3890 der
255 3841 317 3891 nach
329 3841 366 3891 Pl.
379 3839 581 3906 5,18ulepuon-
634 3839 773 3890 Erdewird
781 3839 835 3890 aleo
845 3839 899 3889 hier
908 3837 1058 3890 zannsten
1066 3838 1136 3888 ihrer

80 3917 124 3961 ten
138 3908 341 3960 hervorhrechte.
577 3904 581 3916 ‘
634 3908 718 3959 Bitten
735 3923 785 3960 von
801 3909 849 3958 den
864 3907 1021 3974 Elephanton
1036 3922 1070 3957 nu
1085 3906 1135 3956 den

114 3994 143 4029 ee
152 4004 189 4017 -
199 3979 384 4046 circumspergi
397 3978 459 4028 noch
471 3977 521 4029 Art
536 3976 582 4027 dor
636 3975 744 4028 Gdttem
757 3976 880 4029 entsmdt
