2566 4576
133 315 195 377 rsa
297 310 503 363 cestarcnre
521 310 586 362 nnn
606 306 713 361 nacte
731 305 834 369 lxxx,
847 303 1034 368 r,2-2‚u.

134 488 170 530 ac
183 468 359 530 vomitiones
374 476 404 528 et
422 485 525 529 rursus
540 466 769 546 perpotationes.
781 507 811 522 ..
840 461 882 521 lta
899 469 947 521 est
964 461 1111 540 proiecto:
1129 461 1181 522 lues

135 571 263 626 morum,
277 572 333 614 nee
346 553 461 614 aliunde
472 553 566 613 maior
579 570 667 631 qrram
678 570 695 611 e
705 547 858 620 medimna,
873 555 1108 624 ratemprorsus
1117 565 1182 625 quo

134 639 204 699 tidie
223 640 290 701 lacit
310 638 451 699 saionem
470 647 500 699 et
517 637 683 705 orafflnm,
703 635 776 695 satis
794 652 861 694 esse
879 631 994 710 mgenia
1014 631 1182 707 Graerprnn

83 735 115 786 25
134 723 277 803 inspicere
297 742 358 786 non
378 723 553 803 perdiscere.
582 721 661 783 llaec
680 720 788 782 inerint
807 716 929 779 dicunda
946 735 1004 797 pro
1023 726 1130 779 sarain
1146 717 1184 779 illu

133 809 335 888 moestisque
353 808 454 888 populi
469 807 594 869 Romani
612 806 698 868 annis
717 805 858 866 adversus
875 813 984 873 artem,
1003 801 1036 863 in
1050 821 1109 880 qna
1122 822 1185 864 oon

134 894 243 955 ditione
257 893 483 955 insidiosissima
496 893 696 954 auctoritatem
716 889 854 970 pessimis
873 886 944 949 boni
964 887 1091 959 sscitant,
1110 888 1186 949 simul

136 989 238 1041 ronna
257 978 395 1040 attonitas
409 978 593 1058 quorundam
609 975 816 1057 persuasiones
831 972 881 1053 qni
895 972 1040 1052 prodesse
1054 973 1115 1034 nisi
1127 992 1186 1054 pro

135 1063 211 1124 tiosa
225 1082 286 1125 non
301 1072 414 1142 putant.

536 1235 642 1242 ·-.--
661 1234 681 1240 -
696 1233 763 1239 ..--..
777 1232 817 1238 -.-

555 1368 655 1431 (utcu
672 1368 774 1431 XXX).

298 1456 533 1549 GEsefflctlrss
556 1457 631 1518 llEll
652 1454 768 1516 llAGlE
790 1458 801 1523 l
810 1455 837 1525 l,
850 1453 870 1514 2
885 1488 927 1498 -
942 1453 973 1528 2,
986 1455 1036 1529 5).

100 1585 115 1635 ‘a
220 1573 290 1636 Sine
311 1574 399 1635 dnbio
421 1583 485 1636 crta
505 1574 534 1634 in
552 1573 672 1635 Perside
691 1572 894 1643 aZoroastre‚
914 1578 947 1631 nt
965 1570 1046 1630 inter
1065 1579 1190 1632 anderes

137 1661 281 1731 convenit,
295 1661 346 1721 sed
362 1678 440 1721 unus
456 1659 504 1721 hic
519 1660 604 1720 luerit
617 1676 654 1720 an
665 1664 766 1738 postea
778 1656 901 1728 etalius,
916 1673 978 1716 non
989 1654 1065 1715 satis
1075 1664 1190 1716 constat

137 1745 291 1816 Eudoxus,
311 1745 359 1825 qui
375 1745 453 1805 inter
467 1744 625 1824 sapientiae
638 1751 732 1804 sectas
748 1741 939 1803 clarissimam
954 1740 1191 1821 utilissimamque

137 1849 201 1891 tarn
216 1830 334 1909 intelligi
349 1830 452 1901 voluit,
474 1829 649 1891 Zoroastren
668 1830 747 1889 huno
761 1846 813 1889 sex
833 1825 949 1887 milibus
968 1843 1120 1887 annornm
1133 1836 1191 1888 ante

105 1925 120 1973 t
141 1914 274 1976 Platonis
290 1923 416 1975 mortem
432 1914 524 1975 inisse
537 1914 680 1993 prodidit3
698 1913 784 1974 sicet
797 1911 976 1973 Aristoteles.
1006 1911 1190 1991 Hermippus,

80 2024 89 2047 κ
141 1999 192 2079 qui
213 1999 249 2060 de
264 2008 325 2061 tota
339 2018 371 2059 ea
391 2007 453 2059 arte
467 1999 689 2077 diligentissime
703 1997 822 2078 scripsit
840 2004 871 2057 et
883 1996 969 2056 vicies
984 2005 1107 2057 rentum
1122 1997 1192 2057 milia

140 2102 276 2145 versuum
291 2102 307 2145 a
321 2084 478 2144 Zoroastre
493 2083 609 2144 condita
630 2083 776 2144 indicibus
796 2100 914 2161 utroque
932 2081 1119 2143 voluminum
1137 2081 1191 2143 eius

140 2167 245 2246 positis
260 2167 428 2246 explanavit,
445 2176 663 2246 praeceptorem
679 2187 696 2229 a
710 2186 770 2247 quo
784 2168 947 2228 institutum
959 2166 1070 2227 diceret
1082 2166 1193 2228 madidit

19 2299 21 2306 ,
137 2255 304 2331 Agonacen,
320 2251 418 2332 ipsum
434 2271 501 2313 rero
516 2253 645 2332 quinque
660 2252 777 2313 milibus
793 2270 941 2313 annorum
954 2260 1022 2313 ante
1036 2252 1192 2314 linianum

137 2337 243 2399 bellum
260 2338 358 2399 luisse.
388 2337 492 2398 llirum
507 2338 566 2398 hoc
581 2339 610 2398 in
627 2337 740 2418 primis,
757 2338 880 2397 durasse
893 2337 1071 2398 memoriam
1086 2346 1191 2398 artem-

137 2442 193 2503 que
208 2432 267 2485 tam
282 2423 371 2503 longo
385 2442 455 2484 aero
472 2423 691 2484 commentariis
702 2440 762 2483 non
779 2421 1031 2492 intercedentibus,
1049 2432 1193 2503 praeterea

103 2525 117 2573 5
138 2528 193 2571 nec
207 2509 291 2572 claris
305 2527 360 2571 nee
371 2509 517 2571 continuis
529 2507 765 2571 successionibus
777 2509 964 2570 custoditam.
989 2507 1110 2581 Quotus
1121 2509 1193 2570 eninr

138 2596 260 2675 quisque
274 2596 373 2657 auditu
389 2597 493 2658 saltem
515 2596 649 2674 cognitos
667 2594 755 2656 habet
768 2595 819 2672 qui
833 2593 888 2655 soli
909 2593 1103 2655 nominantur
1117 2595 1193 2674 lpu-

140 2700 242 2742 sorum
258 2691 286 2742 et
301 2680 434 2743 Zaratum
449 2681 549 2742 Medos
561 2680 795 2761 Babyloniosque
805 2680 983 2740 llarmarum
998 2687 1028 2739 et
1040 2679 1193 2741 Arabami

137 2767 266 2844 phorum
281 2776 330 2827 aut
345 2767 495 2846 Assyrium
512 2766 741 2839 Tamnoendarn‚
763 2782 888 2845 quorum
904 2763 981 2825 nulla
997 2772 1116 2826 exstant
1131 2784 1192 2825 mo

137 2848 298 2912 numenta?
332 2851 454 2911 llaxime
472 2859 571 2911 tamen
589 2851 699 2913 mirum
720 2860 764 2912 est
784 2850 814 2911 iu
832 2849 907 2910 bello
927 2848 1059 2911 Troiano
1085 2858 1193 2911 tantum

137 2935 174 2993 ‹le
188 2944 249 2995 arte
264 2953 296 2993 ea
312 2934 458 2994 silentium
479 2935 570 2995 luisse
585 2937 714 2997 llomero
735 2944 906 3015 tantumque
925 2926 1081 3014 operis‘ex
1096 2937 1193 2997 eadem

136 3016 166 3076 in
187 3017 276 3077 Ulixis
300 3018 464 3091 erroribus,
489 3019 562 3079 adeo
586 3029 620 3081 ut
639 3029 733 3082 totum
754 3039 830 3100 opus
849 3037 911 3080 non
932 3019 1048 3080 aliunde
1068 3028 1193 3093 constet3

171 3151 197 3202 3.
214 3151 340 3203 [sudeam
356 3168 401 3205 aus
418 3153 510 3206 Cnidus
527 3156 560 3205 im
580 3155 640 3206 tren
693 3158 725 3208 im
738 3158 797 3209 dien
807 3159 876 3208 llrlr.
888 3173 914 3207 v.
926 3157 953 3208 C.
967 3157 1031 3207 iiber
1041 3159 1083 3210 die
1093 3159 1192 3223 llagier.

137 3220 221 3270 Jalrlr.
240 3237 264 3269 v.
282 3220 318 3283 (3.,
336 3221 375 3272 ein
394 3223 640 3276 beriilrmterdstro·
727 3230 801 3276 seems
812 3254 846 3263 -
863 3226 1017 3294 capitularii.
1040 3226 1100 3277 llan
1113 3227 1193 3278 zanlu

138 3303 194 3338 nora
215 3289 265 3338 nod
286 3288 428 3359 Geograph,
450 3293 496 3343 der
513 3293 538 3344 in
556 3292 642 3342 seiner
694 3295 717 3344 in
739 3296 785 3345 der
804 3294 1037 3345 alexandrinisolren
1055 3294 1193 3346 Bibliotlrel

137 3356 188 3422 γῆς
200 3354 333 3424 περίοδος
344 3364 406 3411 auch
415 3360 576 3413 Fabelltnites
588 3362 641 3411 ein·
693 3363 733 3413 die
746 3362 891 3412 Zeilenaall
903 3363 964 3412 auch
977 3363 1024 3412 der
1034 3364 1193 3428 prosaisclen

139 3424 252 3476 miselle,
692 3431 789 3481 Biiclaer
806 3431 854 3480 und
872 3430 1000 3481 hemerkte
1013 3431 1084 3481 diese
1097 3431 1160 3481 Zall
1171 3431 1193 3479 in

172 3497 232 3543 unte
242 3521 276 3530 -
287 3501 396 3548 moriem
407 3497 457 3548 348
469 3516 492 3549 v.
507 3497 534 3548 C.
557 3498 641 3548 Eudo·
694 3501 740 3549 den
753 3497 905 3561 liatalogem
924 3515 952 3548 so
965 3497 1139 3563 Callimachus,
1152 3500 1194 3549 der

138 3562 267 3612 xurhatte
277 3561 641 3630 Plutogelriirtnndgabviel·
693 3567 797 3617 Dichter
819 3567 868 3616 und
891 3566 1075 3629 Bibliothecae,
1105 3569 1193 3617 demon

139 3628 214 3678 leicht
224 3631 277 3679 sein
290 3631 352 3683 liueh
363 3635 387 3686 in
397 3635 491 3686 diesem
500 3635 640 3685 lehreler·
693 3636 797 3685 Seliilor
812 3634 895 3684 Herm.
908 3650 969 3685 war.
998 3634 1135 3699 molimina,
1156 3634 1193 3684 ln·

137 3708 191 3744 aus.
694 3703 888 3765 haltsanzeigen.

172 3765 325 3819 Aristoteles
338 3771 405 3822 lette
418 3772 441 3821 in
452 3771 546 3821 seinem
555 3771 639 3820 verlo·
726 3787 777 3820 noo
788 3771 1008 3833 mtereedenta'lua,
1020 3773 1051 3820 da
1064 3787 1092 3821 es
1102 3771 1193 3821 dazwi·

140 3844 215 3880 renen
231 3832 327 3886 Werlte
346 3839 407 3889 iiber
424 3840 463 3889 die
482 3838 639 3904 Philosophie
693 3840 767 3888 selen
782 3838 856 3888 letne
870 3839 1044 3902 llrkliirnngcn
1056 3840 1117 3902 galo,
1134 3838 1193 3887 wel-

140 3913 187 3947 von
200 3901 247 3950 den
261 3903 371 3968 Magicrn
383 3907 524 3970 gelandelt.
693 3908 737 3957 elie
750 3907 790 3956 die
799 3904 881 3956 liunst
890 3923 936 3956 vor
947 3907 1143 3970 Vorgcssenlreit
1151 3922 1192 3970 ge-

173 3966 197 4018 l.
214 3970 368 4042 Hermippus
378 3974 638 4042 nuaSmyrnaseliriel
693 3975 793 4026 schitzt
805 3975 900 4024 lriitten.
