2566 4576
324 373 387 425 aas
405 359 561 427 nonnata
580 374 705 440 (xxxv,
718 374 902 442 2‚2-e,r).
1079 373 1141 441 335

83 534 201 610 gestant
215 546 249 590 ac
264 527 469 591 circumierunt
484 527 593 604 secum,
608 529 695 591 natali
706 528 767 590 eius
781 528 966 593 *sacrificant
976 530 1141 613 seriesque*
1213 587 1221 597 .

82 613 221 675 vicesima
235 613 303 676 luna
319 613 400 675 omni
415 632 517 676 mense
532 615 702 676 custodiunt
717 633 789 694 quas
803 616 900 678 icadas
914 625 1028 690 rorant,
1043 618 1062 679 ii
1077 637 1141 680 ma-

83 700 161 760 xime
182 698 232 777 qui
251 718 283 760 se
304 717 342 760 ne
360 699 489 761 viventes
506 700 621 779 quidem
637 700 723 762 nosci
736 700 849 761 volunt.
879 702 921 762 lta
935 710 980 763 est
994 703 1141 782 prolecto:

83 792 160 846 artes
176 783 286 845 desidia
300 784 434 864 perdidit,
451 794 479 846 et
495 785 634 865 quoniam
650 785 817 846 animorum
830 785 971 865 imagines
986 805 1048 848 non
1064 797 1141 861 sunt,

82 869 270 948 negliguntur
288 870 375 931 etiam
390 889 559 949 corporum.
590 869 682 931 Aliter
697 871 774 949 apud
789 871 917 932 maiores
931 873 961 932 in
977 872 1057 933 atriis
1072 873 1143 934 baec
1164 883 1179 932 6

83 962 167 1016 erant
182 973 254 1034 quae
266 962 476 1035 spectarentur,
491 972 553 1016 non
564 956 646 1033 signa
657 962 844 1016 externomm
856 957 1001 1018 artificum
1013 974 1067 1019 nec
1077 977 1143 1018 aera

83 1050 133 1101 aut
148 1058 309 1102 marmora:
332 1040 463 1119 expressi
479 1059 543 1101 cera
558 1040 653 1102 vultus
668 1039 789 1119 singulis
806 1041 1036 1120 disponebantur
1047 1061 1143 1103 arma·

83 1125 146 1197 riis,
159 1132 192 1185 ut
204 1134 304 1186 essent
314 1124 454 1204 imagines
471 1144 544 1205 quae
559 1125 770 1187 comitarentur
785 1126 926 1204 gentilicia
942 1128 1051 1201 lunera,
1064 1146 1142 1188 sem-

82 1229 194 1291 perque
219 1211 356 1272 deluncto
380 1210 475 1289 aliquo
496 1218 576 1273 totus
595 1212 693 1272 aderat
711 1211 834 1272 lamiliae
853 1212 915 1273 eius
935 1212 983 1290 qui
1002 1231 1142 1292 umquam

82 1297 178 1357 iuerat
200 1297 343 1375 populus3
366 1303 521 1356 stemmata
540 1315 610 1357 vero
629 1296 706 1357 liniis
727 1295 928 1358 discurrebant
948 1298 983 1357 ad
1002 1298 1141 1376 imagines

83 1380 191 1461 pictas3
213 1381 339 1442 tabulina
360 1379 508 1441 codicibus
528 1380 723 1459 implebantur
742 1388 770 1441 et
784 1381 983 1442 monumentis
998 1401 1097 1443 rerum
1111 1383 1143 1442 in
1164 1395 1177 1442 t

84 1466 256 1544 magistratu
276 1473 432 1545 gestarum.
462 1465 540 1526 Aliae
558 1464 631 1528 loris
651 1473 680 1526 et
699 1465 774 1526 circa
792 1465 891 1526 limina
911 1466 1076 1527 animorum
1095 1467 1142 1527 in·

74 1551 215 1630 ‘gentium
233 1551 374 1629 imagines
390 1557 471 1612 erant
486 1549 580 1610 affixis
595 1549 726 1611 hostium
742 1549 843 1628 spoliis
860 1569 932 1629 quae
946 1567 1003 1610 nec
1017 1551 1144 1630 emptori

84 1637 205 1716 refigere
224 1636 334 1710 liceret,
354 1635 630 1714 triumphabantque
649 1634 736 1696 etiam
757 1634 884 1696 dominis
899 1635 1017 1696 mutatis
1033 1645 1143 1714 emptae

84 1721 202 1782 domus.
228 1719 299 1782 Erat
312 1721 389 1792 haec
400 1719 557 1780 stimulatio
569 1720 683 1797 ingene,
694 1719 936 1798 exprobrantibus
950 1718 1032 1780 tertis
1045 1719 1142 1798 quoti-

83 1805 131 1867 die
155 1806 301 1867 imbellem
321 1805 475 1866 dominum
494 1804 603 1867 intrare
621 1804 652 1865 in
671 1805 797 1866 alienum
815 1804 1007 1884 triumphum.
1042 1805 1143 1866 Exstat
1164 1815 1179 1865 a

84 1992 130 2042 des
141 1991 303 2057 Chrysippus.
329 1989 416 2041 Cicero
425 1991 456 2040 de
466 1988 584 2053 finib.5‚l

82 2063 158 2110 cuius
171 2058 289 2124 (Epicuri)
301 2060 439 2124 laragiaem
450 2076 500 2111 aaa
512 2058 587 2108 modo

83 2130 111 2176 iu
125 2126 220 2177 tabulis
230 2129 316 2178 nosce
325 2127 372 2178 red
382 2131 460 2178 etiam
470 2131 497 2177 ia
507 2141 586 2195 pocu-

83 2196 116 2245 lis
128 2194 249 2245 ctortulis
260 2195 360 2245 haberat,
370 2223 404 2232 —
413 2211 443 2246 ar
453 2212 484 2244 zu
496 2195 535 2261 15,
546 2194 586 2243 67.

117 2263 200 2313 natali
211 2265 274 2326 rius,
287 2263 512 2315 am10.Gamelion
524 2265 587 2325 (dem

84 2329 126 2380 31.
139 2330 295 2394 December).
308 2359 337 2367 -
358 2332 453 2397 icadas,
466 2326 586 2392 eradere,

83 2414 128 2448 am
150 2399 191 2448 20.
214 2400 283 2448 eines
311 2398 387 2462 jedcn
410 2400 508 2449 blonats
540 2400 587 2461 (ti-

46 2504 49 2508 ›
83 2482 134 2517 rra.
153 2467 213 2517 lnam
236 2467 303 2516 steht
324 2466 349 2514 in
369 2467 416 2515 den
434 2466 507 2515 Hdss.
526 2466 587 2526 irrig

83 2535 147 2584 narb
162 2535 235 2596 mur).
265 2533 340 2582 Diese
365 2532 441 2582 Feste
465 2532 587 2581 berubten

82 2601 130 2653 aul
136 2600 356 2651 demTestamente
363 2598 587 2663 destilosopben,

84 2671 173 2720 Cicero
186 2670 216 2718 de
229 2669 271 2716 lin.
282 2666 305 2728 2,
317 2665 347 2716 31
361 2671 419 2717 ut..
432 2667 536 2716 heredes
548 2669 591 2716 rui

84 2776 91 2789 .
104 2775 110 2786 .
125 2737 186 2787 deut
197 2735 264 2801 quod
273 2737 338 2784 ratic
348 2737 384 2784 rit
391 2734 427 2784 ad
433 2734 500 2784 dieta
509 2749 588 2799 agea-

83 2802 590 2868 dumetatulam.suumquotamrir‘menae

60 2889 67 2897 ·
86 2870 239 2936 Gamelione,
258 2874 368 2936 itemque
385 2871 501 2920 omatibus
518 2886 589 2920 raea-

83 2942 157 2991 utor
168 2941 284 2989 carentano
297 2939 339 2989 die
349 2938 423 2988 lunae
432 2939 494 2988 deal
504 2938 538 2988 ad
547 2952 589 2987 eo-

82 3024 145 3060 rum
157 3008 245 3074 epulae
257 3010 301 3074 qui
315 3023 368 3058 uua
380 3023 465 3056 aarum
481 3006 590 3073 plriloso-

82 3077 159 3145 pbaii
172 3079 235 3138 arbi,
258 3079 289 3126 ut
304 3081 329 3125 et
344 3077 388 3126 sui
403 3080 430 3125 ei
448 3074 592 3125 Metrodori

83 3147 212 3194 sententia
225 3144 331 3206 colaber,
345 3144 394 3192 und
408 3145 511 3193 wurdeu
525 3143 589 3192 aucb

82 3214 111 3262 in
125 3211 187 3261 Rom
203 3226 252 3260 von
270 3211 356 3260 seiuen
374 3212 526 3274 Anhdugern
543 3211 589 3260 be-

83 3295 190 3344 gangen.

120 3347 144 3397 6.
164 3348 284 3414 cupressi
294 3362 363 3409 rara,
389 3347 427 3396 die
449 3346 486 3396 Pl.
508 3346 589 3409 gleicb

84 3419 217 3480 imageiuer
248 3418 330 3482 pietur
363 3421 452 3479 neunt,
482 3414 589 3477 gemalte

84 3483 294 3547 Wacbsmasleu,
312 3481 406 3531 welche
428 3483 466 3531 die
487 3481 589 3543 nobiles,

85 3552 110 3601 d.
125 3553 148 3600 b.
160 3551 310 3615 diejenigen,
328 3565 376 3599 von
392 3550 469 3598 deren
482 3548 590 3599 Varlab·

85 3635 132 3670 ren
150 3619 221 3668 einer
239 3620 279 3668 ein
297 3618 451 3667 curaliscbes
468 3616 527 3665 liant
546 3616 590 3664 be-

83 3687 182 3739 kleidet
191 3688 268 3749 hatte,
281 3684 449 3736 aulzustelleu
459 3685 503 3734 das
513 3683 592 3734 Recbt

84 3757 172 3805 butten
195 3754 247 3816 (ius
261 3757 426 3820 imagu‘rum).
459 3753 504 3801 Die
522 3751 591 3800 llas-

85 3822 169 3872 siscbe
182 3823 261 3873 Stelle
279 3822 388 3872 dariiber
405 3822 439 3871 ist
450 3821 490 3869 bei
503 3819 591 3884 Polyb.

85 3891 111 3953 b,
124 3889 165 3940 23.
342 3895 345 3901 '
450 3951 456 3968 Ι
573 3951 579 3972 Ι

85 3957 593 4096 tterminarunt.

641 1990 690 2040 ken
702 2005 752 2040 von
764 1990 831 2040 allen
847 1992 1010 2042 verwaudteu
1022 1989 1143 2041 Familiea

640 2059 744 2108 wurdeu
758 2060 804 2108 der
819 2059 910 2109 Leirbe
926 2067 1100 2124 vorgetragen,
1119 2075 1143 2108 z.

641 2127 667 2176 Β.
681 2125 722 2176 bei
733 2123 792 2176 Tar.
802 2142 859 2176 ann.
870 2126 893 2192 3,
905 2126 937 2176 td
950 2129 1043 2193 ragina
1054 2127 1142 2178 elaris-

640 2197 765 2245 aimarum
775 2195 944 2260 familiarum
958 2198 1084 2262 iuragmer
1096 2211 1144 2244 au·

642 2262 733 2313 teletae
744 2267 813 2313 aurat.

674 2332 718 2396 qui
728 2332 866 2397 —suerjaiy
884 2348 907 2381 z.
919 2331 947 2381 a.
960 2332 1000 2382 bei
1012 2330 1073 2382 Tar.
1086 2347 1143 2381 anu.

639 2398 668 2462 4,
690 2399 705 2447 9
733 2402 808 2463 origo
835 2400 915 2450 latiae
936 2403 1023 2463 gentis
1041 2401 1144 2448 Aeneas

642 2480 777 2530 omnesque
788 2466 948 2516 Aldmiorum
961 2482 1037 2531 reges
1050 2471 1076 2514 et
1086 2481 1145 2514 roa·

641 2531 714 2581 ditor
731 2534 803 2581 urbia
815 2532 951 2596 Romulus,
972 2537 1034 2600 pori
1050 2530 1145 2582 Sabura

642 2597 772 2662 normias,
786 2600 867 2650 Alius
881 2599 988 2650 Clausae
1001 2604 1146 2666 ceteraeque

645 2665 808 2716 Claudiorum
819 2668 931 2732 effigies.

678 2737 822 2795 stemmata,
832 2734 1005 2799 urspriinglleb
1017 2733 1145 2793 Gewiude‚

643 2801 698 2851 bier
710 2804 864 2865 gewuudeue
876 2802 971 2866 Linien,
984 2803 1080 2851 'a'bnlicb
1097 2803 1145 2851 wie

643 2869 683 2918 bei
699 2886 792 2920 unsara
809 2870 1017 2920 Stammb'aiumen.
1050 2870 1146 2919 Seneca

643 2938 673 2986 de
690 2938 771 2988 benel.
790 2937 811 3002 3,
825 2937 858 2987 28
874 2942 978 2988 uomica
989 2938 1146 3004 saeuitiae..

642 3005 729 3056 raaltis
742 3011 906 3058 stemmatum
915 3007 1145 3073 illigataflercurir.

678 3074 702 3124 7.
732 3075 846 3126 tabulina
871 3077 932 3125 oder
961 3076 1147 3138 gewbbnlirber

643 3141 1145 3208 abgekdmttabliaqhiuterdemanium,

643 3212 722 3260 warin
735 3211 774 3260 die
787 3212 887 3261 tabulae
898 3212 949 3259 und
960 3211 999 3260 die
1012 3211 1146 3261 Familien-

643 3278 893 3340 denkwiirdiglreiten
908 3278 1022 3327 bewabrt
1034 3280 1146 3327 wurden.

679 3348 754 3394 eram
764 3371 799 3381 -
810 3345 905 3411 spolia,
917 3360 964 3393 vor
977 3345 1031 3393 dem
1045 3347 1145 3394 neroni-

644 3414 719 3461 schen
739 3413 847 3474 Brande,
869 3412 948 3460 warin
965 3412 1025 3460 narb
1043 3412 1146 3461 Sueten.

644 3480 712 3530 Nero
731 3478 763 3528 38
780 3479 872 3529 doinus
892 3481 1036 3545 priscorum
1054 3479 1147 3529 durrrm

643 3551 765 3598 maereat
790 3546 922 3597 barabbas
948 3546 1031 3596 adbuc
1059 3546 1147 3614 spoliis

644 3615 793 3665 adornatae.

679 3699 743 3749 quae
761 3698 807 3732 uer
828 3682 875 3745 (=
890 3682 1088 3748 ue-quidem)
1113 3710 1148 3720 -—

645 3750 732 3801 liceret
739 3773 775 3793 =
784 3751 818 3800 ita
827 3757 855 3800 ut
865 3767 912 3799 non
922 3750 1019 3801 liceret.
1037 3753 1147 3818 refigere

645 3817 833 3882 ‚‚abnebmen“,
862 3820 906 3868 das
930 3835 962 3868 zu
991 3819 1148 3870 dilentlirber

645 3885 781 3937 lleuntniss
805 3888 1018 3950 Angesrblagene.
1052 3888 1147 3950 Vergil.

646 3956 709 4005 Aen.
722 3954 746 4018 6,
759 3954 782 4019 6,
796 3956 809 4004 i
823 3955 891 4020 leger
897 3955 965 4022 fluit
977 3959 1061 4023 pretio
1073 3961 1152 4022 atque

645 4025 743 4090 refluit.
801 4068 807 4075 .
