2566 4576
149 336 212 398 406
300 331 355 383 11111
367 330 623 383 wutrwunnun
634 329 668 384 IN
680 328 871 396 AECYPTEN,
882 327 982 381 ASlEN
993 328 1062 383 [1Νο

135 480 202 549 'eos
228 485 334 565 quibus
362 487 422 546 hoe
446 482 650 565 persuaserit?
690 485 763 544 Vera
782 499 909 562 namque
927 483 1139 544 confitentibus
1160 501 1217 562 po-

151 572 238 651 pulus
265 570 417 630 Romanus
448 570 563 630 funebri
589 586 711 628 munere
733 568 770 628 ad
795 568 939 628 tumulum
965 568 1058 647 patris
1086 567 1151 629 eius
1167 568 1219 628 de·

150 655 290 735 pugnavit
315 655 480 715 universus.
522 653 646 714 Variavit
670 653 745 714 bane
762 671 856 712 suam
882 653 1132 732 magnificentiam
1158 654 1217 713 les·

123 749 129 758 ·
149 740 193 800 sis
209 739 394 817 turbatisque
415 738 581 801 cardinibus
603 747 631 799 et
650 737 855 817 amphitheatri
874 738 971 797 torma
991 737 1142 798 custodita
1161 757 1217 798 no-

150 824 273 885 vissimo
288 824 335 884 die
351 825 464 884 duabus
479 842 534 902 per
552 823 682 884 medium
702 823 798 883 scenis
819 822 940 882 athletas
959 821 1050 883 edidit
1068 821 1219 902 raptisque

151 908 335 969 econtrario
356 917 474 987 repente
492 908 614 987 pulpitis
635 908 738 968 eodem
760 906 805 966 die
824 907 949 967 victores
971 926 986 967 e
1007 907 1216 984 gladiatoribus

151 994 214 1053 suis
233 992 380 1071 produxit.
418 993 479 1054 Neo
499 994 552 1053 luit
573 1012 623 1054 rex
639 992 726 1053 Curio
747 999 796 1051 aut
815 991 945 1068 gentium
965 991 1137 1068 imperator,
1157 1009 1217 1052 non

27 1145 29 1151 y
152 1077 258 1156 opibus
275 1077 407 1155 insignis,
424 1086 456 1138 ut
472 1078 521 1156 qui
536 1077 608 1138 nihil
620 1077 650 1137 in
662 1095 754 1138 sensu
765 1074 900 1136 babuerit
910 1083 1027 1155 praeter
1038 1076 1216 1136 discordiam

84 1166 130 1219 121
152 1162 330 1241 principum.
376 1162 435 1222 Sed
461 1162 596 1223 dieantur
620 1181 687 1222 vera
711 1161 911 1222 aestimatione
935 1159 1040 1220 invicta
1066 1161 1212 1221 miracula.

151 1246 317 1320 odlandus
331 1247 393 1307 Rex
404 1247 503 1307 iussus
517 1268 533 1307 a
545 1255 647 1308 senatu
657 1265 798 1326 aquarum
809 1245 930 1323 Appiae,
946 1244 1077 1318 Anienis,
1089 1245 1215 1324 Tepulae

150 1331 255 1391 ductus
275 1332 393 1392 reficere
413 1351 521 1392 novam
540 1352 557 1393 a
581 1331 702 1392 nomine
726 1350 782 1391 suo
797 1330 969 1408 appellatam
994 1329 1140 1390 cuniculis
1166 1347 1215 1408 per

150 1423 269 1475 montes
286 1417 358 1476 actis
374 1417 450 1477 intra
465 1425 616 1496 praeturae
632 1435 701 1476 suae
717 1426 835 1493 tempus
851 1413 984 1486 adduxit3
999 1414 1133 1492 Agrippa
1147 1433 1213 1474 vero

150 1499 181 1561 in
205 1500 347 1560 aedilitate
375 1502 485 1562 adiecta
510 1502 627 1579 Virgine
651 1520 726 1579 aqua
756 1499 918 1577 ceterisque
943 1499 1099 1559 conrivatis
1131 1508 1214 1578 atque

151 1585 314 1646 emendatis
331 1586 409 1647 lacus
425 1586 625 1665 septingentos
641 1585 717 1657 lecit,
733 1592 882 1663 praeterea
897 1583 1031 1643 salientes
1046 1584 1081 1656 ll,
1099 1583 1215 1644 castella

151 1668 267 1741 CXXX,
299 1670 450 1749 complura
470 1680 499 1730 et
528 1670 607 1731 cultu
627 1669 794 1748 magnifica3
820 1668 959 1747 operibus
980 1668 1016 1728 iis
1037 1668 1122 1745 signa
1137 1667 1214 1728 CCC

150 1772 233 1814 aerea
248 1763 297 1814 aut
309 1774 473 1815 marmorea
484 1754 634 1835 imposuit,
648 1754 799 1815 columnas
811 1772 846 1813 ex
859 1771 1008 1813 marmore
1023 1752 1114 1813 CCCC
1126 1770 1215 1831 eaque

82 1842 131 1895 122
153 1839 251 1899 omnia
266 1857 363 1899 annuo
379 1839 483 1918 spatio.
515 1839 620 1901 Adiioit
645 1839 709 1918 ipse
731 1837 881 1899 aedilitatis
905 1856 975 1897 suae
997 1855 1214 1898 commemora-

150 1923 230 1984 tione
256 1932 284 1984 et
301 1924 387 1984 ludos
414 1924 516 1985 diebus
539 1924 763 2002 undesexaginta
784 1923 876 1982 laotos
897 1929 926 1982 et
943 1921 1066 2000 gratuita
1086 1922 1215 2001 praebita

151 2144 281 2191 artabanes
293 2143 410 2204 gebalten
423 2143 533 2192 werden.

182 2211 343 2275 principum,
373 2210 417 2258 des
442 2209 576 2272 Pompejus
605 2210 654 2258 und

152 2273 258 2334 Caesar,
276 2293 307 2324 zu
324 2277 415 2324 dassen
428 2276 512 2325 Partei
530 2291 558 2324 er
570 2276 654 2341 plo'tz·

151 2342 199 2391 11111
213 2341 341 2405 iiberging.

189 2408 244 2458 121.
265 2410 293 2472 Q.
304 2410 421 2461 Alaroius
432 2410 490 2461 Item
499 2412 560 2460 nacb
571 2410 654 2460 Fron·

152 2478 232 2536 tinus,
251 2479 296 2528 der
312 2486 387 2529 uuter
399 2479 493 2542 'l'raJau
510 2495 551 2527 um
570 2479 618 2528 100
632 2497 655 2529 n.

152 2545 180 2595 C.
201 2547 238 2595 als
261 2554 364 2596 curator
388 2563 507 2613 aquarum
531 2548 595 2597 iiber
616 2548 655 2597 die

152 2612 655 2681 Wusserleitungeusobrieb‚d.aquaed.‚

153 2681 229 2730 sebon
246 2681 278 2730 im
291 2682 313 2731 J.
335 2683 382 2732 114
393 2699 418 2733 v.
432 2684 458 2744 C.
476 2683 522 2732 llio
535 2699 558 2732 a.
570 2685 657 2750 Appia

152 2764 198 2798 aus
212 2751 266 2798 dem
279 2751 301 2798 1.
316 2749 365 2798 312
381 2767 405 2799 v.
419 2751 445 2800 C.
465 2752 514 2799 und
530 2752 576 2800 der
587 2754 656 2801 Anio

152 2821 226 2866 uetus
240 2815 289 2864 212
302 2833 326 2866 v.
340 2816 367 2866 C.
388 2833 473 2866 waren
492 2819 531 2866 die
545 2819 656 2868 iiltesten

153 2882 401 2947 Wasserleitungen‚
412 2886 452 2935 die
466 2885 560 2951 Tepula
569 2886 656 2935 wurde

154 2953 216 3000 uach
229 2951 341 3000 Frontin.
356 2951 370 3000 8
384 2960 438 3002 orst
450 2954 517 3001 11111.
534 2953 580 3001 125
594 2954 655 3002 naeb

153 3016 215 3067 Rom
228 3017 336 3079 gel'tibrt.

186 3099 279 3134 noram
290 3111 324 3119 —-
335 3086 500 3153 appellatam:
530 3085 571 3148 31,
593 3087 657 3136 4111.

155 3151 302 3202 Clarissima
313 3169 439 3217 aquarum
451 3157 563 3204 omnium
574 3158 601 3203 in
620 3159 658 3204 to-

154 3225 180 3270 to
211 3221 271 3271 orbe
301 3222 415 3286 frigoris
449 3223 658 3289 salubritatisque

151 3289 240 3358 patrna
253 3293 390 3357 praee-onio
408 3293 480 3341 urbis
493 3291 595 3342 Mareia
613 3295 658 3356 est,

152 3361 221 3410 inter
245 3358 342 3423 reliqua
371 3359 446 3409 derant
468 3376 576 3410 inuuere
600 3362 660 3410 urbi

154 3430 266 3486 tributo,¹
289 3429 428 3478 vorabatur
448 3429 510 3477 liaeo
532 3428 658 3493 quondam

152 3497 264 3560 Arrsaim
277 3496 347 3558 suns
368 3500 454 3544 auten
474 3499 529 3561 ipse
549 3496 656 3545 Pitom'a.

155 3563 245 3614 Oritur
256 3567 281 3611 in
292 3562 389 3611 ultimis
401 3565 529 3612 montibus
539 3562 658 3625 Pab'gno·

154 3645 226 3693 rum,
249 3632 346 3679 trarzsit
364 3629 468 3678 illarsos
490 3635 517 3678 et
531 3629 657 3680 Fucinum

154 3695 247 3758 laormr,
270 3697 378 3746 llonzam
399 3713 450 3745 non
467 3696 540 3747 dubie
560 3701 657 3763 petens,

154 3779 217 3813 rnoaa
232 3768 257 3811 iu
275 3780 365 3831 sperus
377 3779 464 3813 mersa
481 3768 505 3813 in
523 3763 657 3815 Tiburtina

154 3848 183 3880 se
195 3834 280 3897 aperit
294 3846 310 3879 a
327 3831 355 3882 V
355 3829 410 3878 IIII
419 3847 452 3880 m.
469 3848 496 3899 p.
505 3834 656 3897 fornicibus

155 3901 260 3949 struatis
275 3897 406 3965 perducta.
437 3899 541 3950 Primus
559 3905 657 3951 eumin

153 3970 243 4018 urbem
254 3966 346 4017 diruere
357 3969 506 4034 auspicatus
518 3974 559 4018 est
568 3971 657 4019 Atreus

708 2140 825 2192 Muretus
835 2156 904 2191 unus
920 2158 934 2191 e
949 2142 1058 2206 regibus
1077 2141 1214 2203 (Missven

709 2209 837 2258 st'dndniss
850 2225 900 2259 von
912 2207 1024 2259 Marcius
1033 2207 1111 2271 Reae),
1124 2213 1214 2276 postea

710 2275 738 2337 Q.
752 2274 867 2326 Marcius
880 2276 938 2326 lieu
948 2279 975 2326 in
993 2280 1135 2342 praetura,
1157 2292 1215 2327 rur-

709 2360 803 2407 susqua
815 2347 931 2394 restituit
940 2342 977 2394 M.
990 2346 1121 2412 Agrippa.
1147 2344 1215 2394 Idem

709 2415 736 2460 et
747 2413 888 2476 Virginem
904 2411 1015 2462 addunit
1029 2414 1061 2461 ab
1080 2414 1166 2462 oetas-i
1181 2412 1215 2462 le-

707 2479 777 2546 pidis
799 2479 949 2530 deuerticulo
974 2479 1024 2530 duo
1048 2481 1122 2529 milia
1144 2497 1214 2547 pass.

709 2548 881 2598 Praenestina
897 2552 952 2606 ria;
969 2551 1046 2597 tuceta
1064 2552 1105 2596 est
1122 2548 1216 2598 Heren-

710 2616 798 2666 laneus
815 2618 886 2665 riuus
903 2631 978 2681 quem
998 2616 1137 2680 refugiens
1155 2616 1185 2667 V
1182 2619 1217 2665 ir·

708 2686 779 2748 ginis
788 2699 880 2733 nornen
892 2686 1010 2734 obtinuit.
1029 2683 1129 2733 Horum
1139 2687 1217 2732 omni·

709 2768 755 2802 um
767 2755 957 2819 comparatione
969 2752 1121 2816 dfferentia
1138 2765 1217 2818 supra

710 2819 778 2869 diota
790 2819 995 2887 deprehenditur,
1013 2835 1079 2882 eum7
1093 2823 1216 2884 quantum

710 2888 740 2939 V
737 2889 797 2952 ingo
810 2892 879 2937 tastu
891 2891 1015 2954 praestat,
1029 2891 1133 2936 tantum
1142 2902 1217 2954 prae·

710 2959 763 3004 stet
792 2953 892 3005 diarria
921 2956 1032 3013 haustu,
1063 2970 1216 3020 quamquam

710 3026 846 3086 utriusque
873 3024 927 3071 iam
954 3021 1055 3089 pridem
1083 3025 1144 3072 urbi
1173 3039 1215 3089 pe-

711 3091 760 3140 riit
781 3090 911 3156 uoluptas,
932 3091 1072 3139 ambitione
1093 3092 1215 3140 maritio-

712 3173 760 3222 que
783 3158 811 3206 in
829 3157 902 3207 uillas
922 3172 952 3206 ao
967 3160 1118 3207 suburbana
1134 3157 1216 3207 detor·

712 3227 845 3290 questibus
852 3225 981 3292 publicane
992 3225 1111 3274 salutem.

745 3329 773 3376 in
797 3328 926 3377 aedilitate
951 3343 982 3375 zu
1006 3327 1063 3375 104.
1089 3355 1124 3364 -
1148 3326 1216 3376 loeus

712 3395 827 3458 bassim,
862 3396 982 3445 salientes
1012 3394 1217 3459 Springbrunnen

713 3464 801 3527 daran,
819 3464 924 3513 castella
942 3463 1151 3526 Sammelpliitze,
1168 3478 1217 3512 von

712 3547 751 3647 ipo
766 3533 810 3646 pas
824 3530 933 3581 Wasser
944 3531 997 3579 sieb
1011 3530 1036 3578 iu
1048 3527 1148 3580 liuuiile
1161 3546 1219 3582 ver-

714 3606 723 3647 t
741 3599 764 3647 ei
776 3605 808 3647 te.

747 3697 804 3747 122.
834 3699 1073 3746 commemoratione
1098 3697 1163 3744 obne
1186 3698 1219 3758 in,

712 3767 756 3816 das
778 3765 815 3814 Pl.
838 3764 971 3813 ruebrrnals
993 3763 1033 3811 bei
1052 3763 1220 3812 derErwiib-

713 3848 780 3894 nung
792 3849 840 3880 von
855 3833 966 3880 Biiehern
979 3831 1099 3880 ausliisst.
1132 3831 1167 3880 So
1186 3832 1220 3879 ist

712 3902 735 3965 7,
748 3900 797 3948 212
809 3903 834 3949 in
845 3915 892 3950 vor
904 3898 1014 3949 seeundo
1027 3899 1073 3948 mit
1085 3899 1133 3947 den
1144 3898 1218 3948 Hdss.

713 3985 744 4018 zu
757 3968 889 4017 streioben.
908 3966 984 4016 illese
994 3965 1090 4016 Sebrilt
1101 3966 1168 4016 iiber
1180 3966 1219 4016 dio
