2566 4576
138 347 198 408 124
422 345 488 397 nnn
505 345 648 398 numum
666 334 723 412 (rx,
735 343 760 410 a,
772 343 830 395 e-
841 343 897 409 to).

83 507 116 559 30
135 500 297 573 toleratura,
308 498 420 559 etiamsi
435 518 495 561 non
510 500 635 562 sollertia
650 498 803 561 insidietur
812 497 949 578 tempori
969 496 1063 559 Simili
1073 498 1185 560 ratione

136 585 165 645 in
181 585 270 645 altum
284 584 420 664 protinus
431 585 554 646 tendunt
565 585 644 664 quod
656 583 748 645 vicino
760 583 874 661 gurgite
883 581 1016 656 ellicitur,
1029 583 1186 663 locumque

137 669 231 730 solum
251 669 414 748 pandendis
434 669 544 731 retibus
564 669 689 732 hahilem
708 669 834 747 elingere
852 667 998 729 festinant
1028 667 1116 741 Quod
1136 668 1185 730 uhi

135 753 363 815 animadvertere
377 753 533 833 piscantes,
548 789 590 799 —
602 753 750 816 concurrit
763 761 859 815 autem
874 753 1028 814 multitudo
1042 753 1184 833 temporis

136 857 223 916 gnara
239 846 270 898 et
283 838 375 916 mogh
391 837 477 900 etiam
491 839 646 919 voluptatis
661 839 748 900 huius
763 839 843 900 avida
852 872 890 882 -—
904 846 1043 916 totusque
1057 839 1184 917 populus

136 943 153 984 e
169 923 253 983 litore
272 930 381 1003 quanto
406 931 504 1001 potest
527 925 652 985 clamore
676 923 790 984 conciet
808 922 959 984 Simonem
978 926 1010 984 ait
1029 923 1185 1002 spectaculi

135 1015 282 1080 eventum,
301 1007 429 1068 celeriter
448 1008 576 1088 delphini
593 1007 749 1070 exaudiunt
768 1008 908 1069 desideria
926 1007 1097 1086 aquilonum
1117 1008 1186 1069 llatu

83 1098 237 1153 atrocem
261 1099 472 1171 prosequente,
498 1103 599 1154 austro
625 1093 734 1154 tardius
759 1112 794 1154 ex
812 1093 933 1154 adverso
952 1093 1109 1167 relerente3
1135 1093 1186 1154 sed

134 1186 197 1238 tum
211 1194 329 1256 quoque
343 1176 503 1256 improviso
518 1178 548 1238 in
564 1178 698 1239 auxilium
719 1177 861 1239 advolant
889 1177 1052 1257 Properare
1066 1183 1186 1257 apparet

134 1261 210 1322 acies
225 1280 297 1341 qnae
311 1262 448 1340 protinus
463 1262 629 1341 disponitur
641 1264 672 1323 in
686 1262 752 1323 loco
771 1262 821 1324 uhi
835 1262 984 1323 coniectus
998 1270 1043 1323 est
1058 1280 1185 1342 pugnae3

135 1355 289 1425 opponunt
298 1365 363 1407 sese
373 1347 409 1407 ah
418 1347 476 1407 alto
486 1347 674 1427 trepidosque
683 1347 713 1408 in
722 1348 792 1408 vada
803 1355 915 1426 urgent
938 1347 1012 1408 'l'um
1024 1347 1184 1426 piscatores

134 1431 315 1492 circumdant
328 1431 399 1492 retia
414 1433 562 1513 furcisque
576 1432 739 1504 sublevant3
753 1433 893 1511 mugilum
904 1431 1095 1493 nihilominus
1106 1431 1185 1492 velo-

135 1515 205 1578 citas
219 1515 351 1577 transilit
381 1517 418 1577 ht
428 1517 492 1578 illos
507 1517 653 1596 excipiunt
667 1518 796 1597 delphini
807 1526 837 1579 et
847 1516 987 1579 occidisse
998 1517 1033 1578 ad
1046 1535 1192 1595 praesens.

81 1605 114 1656 32
135 1601 262 1662 contenti
278 1600 359 1662 cihos
378 1601 409 1662 in
428 1601 578 1664 victoriam
592 1601 737 1664 differunt.
767 1603 863 1682 Opere
877 1602 1018 1681 proelium
1035 1602 1126 1663 fervet
1139 1601 1184 1662 in-

133 1686 266 1765 cludique
280 1705 314 1746 se
327 1686 437 1748 retibus
453 1687 612 1748 fortissime
630 1695 767 1766 urgentes
782 1687 908 1766 gaudent
925 1705 972 1760 ac,
989 1703 1028 1746 ne
1042 1686 1071 1746 id
1086 1687 1185 1765 ipsum

133 1772 230 1848 lugam
245 1771 374 1832 hostium
388 1772 524 1846 stimulet,
539 1772 614 1833 inter
628 1771 739 1850 navigia
749 1780 778 1834 et
788 1773 860 1833 retia
871 1779 1038 1832 natantesve
1049 1771 1184 1832 homines

132 1855 171 1916 ita
186 1855 296 1916 sensim
307 1856 458 1918 elabuntur
471 1865 505 1919 ut
519 1856 627 1917 exitum
638 1874 700 1917 non
710 1857 854 1935 aperiant,
868 1857 950 1930 saltu,
965 1856 1044 1935 quod
1057 1863 1103 1916 est
1113 1855 1184 1917 alias

132 1939 356 2000 blandissimum
371 1941 431 2014 his,
451 1942 548 2002 nullus
565 1949 687 2002 conatur
700 1942 832 2015 evadere,
851 1941 883 2002 ni
897 1941 1118 2002 summittantur
1132 1941 1186 2001 sihi

133 2024 218 2097 retia3
238 2043 373 2102 egressus
388 2027 524 2103 protinus
539 2033 605 2086 ante
620 2026 723 2086 vallum
744 2027 910 2104 proeliatur.
938 2026 980 2086 lta
998 2034 1117 2105 peracta
1136 2045 1185 2086 ca·

133 2114 219 2186 ptura
238 2127 313 2186 quos
334 2109 506 2170 interemere
525 2109 679 2188 diripiunt3
698 2111 749 2170 sed
768 2111 905 2172 enixioris
921 2129 1028 2190 operae
1047 2129 1136 2190 quam
1154 2110 1185 2170 in

132 2192 220 2252 unius
236 2193 291 2253 diei
311 2195 473 2271 praemium
493 2194 601 2254 conscii
621 2194 676 2255 sibi
696 2190 888 2274 opperiuntur
901 2195 931 2256 in
947 2202 1113 2275 posterum,
1131 2212 1187 2256 nec

133 2276 262 2356 piscihus
277 2286 389 2338 tantum
405 2278 456 2338 sed
471 2286 499 2339 et
513 2278 609 2340 intrita
625 2280 709 2359 panis
724 2300 741 2340 e
754 2281 820 2341 vino
835 2281 985 2342 satiantur.

81 2371 113 2421 33
219 2364 299 2436 Quae
314 2363 349 2423 de
363 2362 466 2424 eodem
482 2381 585 2441 genere
599 2364 730 2443 piscandi
744 2366 775 2426 in
788 2366 863 2426 lasio
879 2365 945 2427 sinu
959 2365 1111 2426 Mucianus
1125 2372 1186 2426 tra·

133 2446 175 2508 dit
192 2448 250 2508 hoc
270 2447 418 2521 differunt,
437 2449 515 2528 quod
538 2449 614 2510 ultro
634 2468 727 2530 neque
748 2450 893 2512 inclamati
911 2457 1028 2530 praesto
1043 2451 1103 2510 sint
1116 2468 1186 2529 par-

132 2540 233 2612 tesque
252 2553 267 2594 e
287 2533 421 2604 manibus
441 2533 582 2613 accipiant
600 2543 628 2595 et
647 2554 734 2615 snum
748 2554 878 2615 quaeque
893 2535 994 2614 cymba
1008 2554 1025 2595 o
1038 2534 1186 2614 delphinis

81 2634 87 2647 ·
132 2619 245 2681 socium
261 2619 373 2692 haheat,
388 2619 519 2698 quamvis
533 2628 624 2681 noctu
638 2628 666 2680 et
679 2621 716 2681 ad
731 2622 816 2683 laces.
842 2621 918 2700 Ipsis
934 2639 1050 2700 quoque
1063 2619 1140 2680 inter
1154 2638 1185 2680 se

132 2703 245 2783 publica
261 2712 306 2765 est
320 2705 453 2766 societas.
477 2705 567 2784 Capto
582 2725 599 2766 a
613 2723 680 2784 rege
694 2706 792 2768 Cariae
806 2705 976 2784 alligatoque
990 2705 1020 2766 in
1035 2712 1125 2784 portu
1139 2703 1184 2764 in-

133 2806 204 2867 gens
218 2788 396 2868 reliquorum
411 2790 545 2850 convenit
558 2790 713 2851 multitudo
727 2790 870 2851 maestitia
884 2791 1007 2869 quadam
1023 2808 1097 2869 quae
1111 2808 1184 2870 pos-

133 2879 178 2932 set
196 2873 312 2950 intelligi
332 2873 547 2934 miserationem
563 2884 679 2954 patene,
699 2875 794 2936 donec
812 2875 917 2936 dimitti
936 2893 985 2935 rex
1007 2894 1074 2939 eum
1090 2873 1184 2935 iussit.

133 2955 210 3027 Quin
224 2963 253 3014 et
267 2975 373 3034 parvos
388 2975 504 3035 semper
517 2958 620 3036 aliquis
632 2959 770 3037 grandior
781 2961 935 3021 comitatur
945 2967 979 3020 ut
988 2968 1098 3031 custos,
1113 2977 1185 3021 con-

133 3038 280 3118 spectique
294 3040 351 3100 iam
367 3049 437 3101 sunt
450 3042 618 3103 defunctum
632 3052 793 3123 portantes,
808 3063 845 3105 ne
859 3046 1032 3105 laceraretur
1046 3043 1185 3105 ahelluis.

166 3189 207 3239 30.
226 3189 327 3241 tordius
339 3206 374 3240 sc.
385 3193 529 3255 exaudiunt,
542 3194 573 3243 da
585 3194 630 3244 der
683 3195 783 3246 dloerdo.

131 3264 253 3321 entgegen
283 3259 402 3309 wehende
434 3259 552 3311 Siidwind
583 3263 629 3312 deu
724 3264 829 3326 inuita,
859 3260 1032 3324 helmeham,
1059 3278 1105 3314 aus
1127 3280 1184 3314 zer-

132 3324 216 3375 Schall
228 3327 400 3390 zuriichtrigt,
412 3327 630 3381 alsonichtleicht
683 3337 824 3381 stossoncm
844 3331 910 3381 Brod
930 3332 980 3381 und
1003 3330 1089 3382 Wein.
1112 3359 1148 3368 —
1170 3348 1185 3381 e

133 3409 188 3444 zum
200 3392 287 3445 Meere
299 3395 449 3446 durchlisst.
682 3399 747 3449 kann
771 3399 813 3448 hei
836 3405 1110 3462 zusammengesetzten
1132 3399 1184 3450 Ge-

165 3461 206 3512 31.
233 3465 361 3514 coniectus
373 3479 478 3531 pugnae
499 3466 564 3515 dh.
587 3466 629 3516 uhi
682 3468 789 3517 trinken
802 3482 850 3516 vor
857 3467 934 3530 jeden
944 3468 989 3516 der
997 3467 1184 3518 Bestandtheile

131 3526 356 3668 thetide
366 3533 578 3664 {hullalu
682 3536 976 3654 “hillidius
990 3603 1022 3652 14
1046 3620 1061 3669 ρ
1083 3602 1134 3653 cs
1152 3596 1183 3652 a,

201 3636 207 3648 ι
346 3637 354 3664 ,
577 3630 625 3651 σ-
752 3642 758 3654 ι
852 3641 857 3652 ι
1023 3643 1030 3664 ,
1063 3641 1070 3653 ο

131 3665 334 3734 dimidiumve,
350 3681 404 3718 was
419 3665 492 3719 ilrnen
509 3676 629 3721 sonetum
683 3672 817 3723 πλεῖστον
837 3671 887 3722 τοῦ
910 3674 975 3737 βίον
994 3674 1054 3726 τοῖς
1078 3665 1184 3722 ἐνθάδε

131 3732 238 3784 hehsten
250 3735 292 3798 ist,
304 3736 351 3784 wie
362 3733 630 3804 praetimentibus
683 3737 714 3790 lx
725 3734 879 3804 θαλάττης·
898 3734 999 3806 edepol
1007 3734 1063 3807 γὰρ
1075 3755 1099 3789 κ.
1113 3755 1136 3790 τ.
1146 3739 1170 3789 l.

508 3896 568 3902 -m
574 3896 647 3903 -.....-
655 3896 662 3903 0
666 3896 803 3905 m..-
