2566 4576
135 405 197 468 280
393 402 448 453 mu
465 400 569 455 uince
588 398 724 469 (uxur,
738 398 940 466 1,4-a,1a).

136 577 256 620 omnem
270 557 380 618 rictum
395 557 426 618 iu
440 557 610 636 promiscuo
625 554 784 629 habebant,
803 571 858 616 nec
875 552 932 615 ulla
951 552 1033 615 domi
1054 554 1195 616 domesti-

81 654 113 705 27
135 644 177 706 cis
198 664 215 705 a
234 641 367 704 custodia
388 660 467 722 opus
488 649 557 703 erat
588 641 674 703 Nunc
692 638 850 720 rapiendae
868 647 1080 718 comparantur
1097 639 1197 719 epulae

134 729 300 810 pariterque
319 726 369 806 qui
388 727 503 807 rapiant
522 745 571 788 eas
592 734 621 788 et
640 727 735 788 clares
754 742 873 804 quoque
891 723 972 804 ipsas
987 723 1125 804 signasse
1138 742 1196 787 uon

135 821 179 875 est
195 813 281 886 satis,
295 812 420 890 gravatis
435 829 542 873 somno
558 819 609 873 aut
619 809 813 873 morientibus
826 808 905 870 anuli
915 808 1120 884 detrahuntur,
1134 829 1195 873 ma-

136 899 239 978 iorque
252 898 328 958 ritae
343 898 417 958 ratio
433 897 509 958 cirea
523 898 582 958 hoc
596 896 825 958 iustmmeutum
839 912 905 955 esse
920 894 1031 973 eoepit,
1052 895 1196 957 incertum

135 1003 152 1046 a
171 1002 230 1063 quo
249 993 392 1060 tempore
418 981 560 1062 ,videmur
578 990 678 1044 tamen
696 998 788 1061 posse
806 979 838 1041 in
852 978 979 1040 externis
994 979 1196 1043 auctoritatem

136 1069 198 1130 eius
217 1066 260 1127 rei
275 1066 433 1145 intelligere
449 1066 525 1127 cirea
539 1066 711 1147 Polycraten
727 1064 807 1127 Sami
821 1072 993 1144 tyrannum,
1012 1064 1060 1126 cui
1075 1064 1195 1126 dilectus

136 1153 182 1215 ille
202 1152 306 1213 anulus
320 1151 352 1213 in
366 1170 447 1213 mare
461 1151 592 1214 abiectus
608 1160 692 1232 capto
707 1151 815 1212 relatus
830 1156 877 1211 est
890 1147 986 1228 pisce,
1001 1149 1069 1229 ipso
1086 1149 1197 1212 circiter

83 1248 114 1298 28
135 1236 269 1299 CCXXX.
296 1235 378 1297 urbis
404 1245 524 1298 nostrae
549 1253 661 1299 annum
680 1236 841 1298 interiecto.
882 1233 1060 1296 Celebratior
1080 1235 1197 1315 quidem

134 1341 208 1385 usus
218 1340 285 1382 cum
291 1323 410 1383 faenore
420 1321 554 1401 coepisse
565 1321 663 1397 dabet3
674 1327 846 1399 argumento
858 1326 904 1381 est
915 1318 1101 1381 consuetudo
1112 1320 1197 1399 vulgi,

136 1408 173 1470 ad
193 1406 370 1487 sponsiones
390 1406 550 1469 etiamnum
570 1406 657 1469 amulo
675 1405 837 1479 exsiliente,
855 1411 947 1466 tracta
962 1403 998 1465 ab
1013 1423 1049 1466 eo
1064 1412 1197 1484 tempore

136 1511 195 1572 quo
220 1491 354 1552 nondum
380 1500 441 1553 erat
462 1509 528 1554 arra
548 1492 687 1565 velocior,
712 1497 745 1552 ut
769 1491 854 1570 plane
879 1489 1026 1552 affirmare
1044 1490 1196 1568 possimus

135 1594 275 1640 nummos
290 1584 357 1638 aute
368 1577 445 1656 apud
456 1594 523 1651 nos,
539 1596 609 1639 mox
623 1575 728 1639 anulos
743 1575 886 1656 coepisse.
915 1574 957 1636 lle
967 1574 1099 1636 nummis
1110 1575 1216 1661 pardo,

137 1669 208 1742 post
222 1660 340 1723 dicetur.

83 1760 116 1811 29
221 1745 307 1807 Anuli
328 1746 484 1808 distinxere
504 1747 625 1809 alterum
642 1746 776 1808 ordinem
791 1764 808 1807 a
821 1743 918 1823 plebe,
937 1752 971 1806 ut
985 1744 1078 1806 semel
1093 1763 1197 1826 coepe·

135 1839 203 1895 rant
217 1850 284 1892 esse
298 1831 439 1907 celebres,
454 1833 530 1894 sicut
544 1832 642 1893 tunica
657 1831 694 1893 31)
708 1830 803 1893 anulis
819 1837 962 1904 senatum,
978 1849 1157 1911 quamquam
1170 1838 1198 1892 et

136 1918 195 1979 hoc
209 1935 286 1990 sero,
302 1916 446 1997 vulgoque
460 1935 591 1997 purpura
605 1916 708 1978 latiore
721 1916 836 1977 tunicae
849 1933 922 1976 usos
934 1915 1100 1977 invenimus
1112 1915 1197 1978 etiam

137 1996 400 2082 praecones,.sicut
414 2010 528 2082 patrem
542 2002 575 2064 L.
587 2001 658 2063 delii
670 2000 791 2064 Stilonis
803 1999 975 2062 Praeconini
991 2000 1030 2062 ob
1044 2000 1075 2062 id
1087 2019 1196 2081 cogno-

136 2155 230 2204 seiuem
252 2152 394 2204 Voruameu
426 2153 558 2222 Mareipor
589 2155 641 2216 (=
727 2151 953 2205 aad-exsiliente.
974 2151 1196 2272 llerffillcgffi.

137 2221 215 2273 ldarci
225 2222 307 2288 puer),
312 2220 638 2289 luciporgeuauntwurde.
694 2221 832 2273 verdudert
843 2220 883 2270 die
897 2219 1015 2270 Structur

137 2291 212 2340 Diese
224 2289 309 2354 gulten
321 2290 359 2340 als
368 2289 479 2354 gentiles
495 2289 529 2340 im
541 2287 641 2352 Gegen·
694 2288 784 2354 tigkeit
799 2302 888 2351 wesen
909 2293 973 2338 statt
992 2288 1150 2340 emmo
1165 2317 1194 2326 -

137 2356 640 2420 mtzzurmbawmmdahersieuls
694 2356 800 2409 3331313
821 2355 948 2406 uadum.
976 2355 1019 2405 Bei
1033 2354 1197 2423 Sponsionem,

129 2425 240 2493 familia
251 2424 518 2490 bezeichuetwurdeu,
530 2425 591 2476 weil
603 2425 640 2475 sic
696 2425 720 2476 d.
733 2426 756 2475 h.
770 2424 872 2474 solclcn
884 2422 1146 2488 Verbiudliclkeiten,
1159 2425 1197 2475 die

137 2495 257 2545 meisteus
277 2493 310 2544 im
327 2493 409 2544 Haase
427 2493 538 2558 goboreu
553 2509 641 2543 waren
694 2493 740 2544 anf
747 2491 871 2555 Belragen
882 2492 951 2541 eines
962 2490 1137 2543 Tleilsdurelr
1147 2491 1197 2544 Ge·

138 2564 188 2612 uud
200 2563 240 2612 die
251 2561 394 2613 Voruameu
407 2562 452 2612 des
465 2563 545 2613 llerru
564 2562 589 2611 iu
602 2561 641 2611 ilr-
693 2562 790 2612 1313133
803 2560 848 2610 des
860 2560 954 2608 audem
971 2561 1133 2623 eutsteudeu‚
1151 2561 1197 2625 gal

139 2645 192 2680 reru
204 2629 299 2681 Numen
312 2629 421 2681 l'dlrrteu.
693 2628 834 2692 manlliuge
845 2627 1198 2692 zurlleglaubiguuguudzuur
1212 2626 1216 2635 ’

172 2698 213 2748 21.
234 2701 402 2750 morientibus
412 2726 447 2735 —
463 2697 642 2761 detruduntur,
695 2697 798 2760 Plaude,
811 2697 888 2746 daher
896 2694 937 2745 bei
947 2695 993 2745 der
1001 2694 1197 2761 1133131335.-

138 2782 180 2816 um
191 2764 453 2832 diejverseutosssnen
464 2766 591 2818 Verriitlre
609 2781 642 2815 zu
695 2781 759 2816 arra
775 2765 810 2814 ist
822 2764 863 2813 eiu
875 2762 1030 2829 Uuterplaud
1041 2764 1162 2814 meisteus
1172 2765 1197 2815 iu

136 2835 268 2900 pliiuderu.
290 2832 323 2883 So
333 2834 433 2884 erciihlt
441 2833 576 2882 Suetonius
585 2831 641 2881 Tib.
697 2832 775 2895 Geld,
787 2832 827 2881 bei
838 2830 938 2882 liliul'en
950 2832 995 2881 das
1006 2831 1114 2895 Augeld.
1137 2832 1198 2883 Hier

139 2901 185 2963 13,
202 2903 261 2950 dass
272 2899 389 2951 Tiberius
405 2898 452 2950 aui
465 2901 521 2948 dem
538 2898 642 2949 8131113-

138 2969 211 3031 leger
222 2972 371 3018 coeuactum
381 2969 433 3017 sici
442 2965 570 3032 3311333311
578 2981 643 3016 artu·

138 3035 192 3086 lum
202 3050 266 3084 utare
277 3037 430 3101 resipiscens
441 3035 598 3097 recadeismt.

172 3105 215 3153 cui
222 3129 257 3137 —
266 3103 347 3169 pisce,
370 3101 461 3150 Herod.
479 3098 503 3164 3,
519 3098 553 3149 40
571 3117 597 3150 u.
608 3100 640 3151 A.

138 3168 242 3236 Polylr.
258 3169 346 3218 wurde
361 3183 412 3218 von
430 3168 485 3218 deur
497 3168 642 3234 persisclren

140 3238 291 3290 Statthalter
310 3237 336 3286 iu
352 3235 450 3302 Lydien
471 3236 578 3288 Orontes
596 3253 642 3301 ge-

139 3308 231 3358 tlidtet.

172 3374 213 3425 28.
224 3373 404 3439 mansuescere,
414 3373 466 3423 d.lr.
477 3374 522 3424 mit
530 3375 586 3425 dem
595 3389 640 3438 ge-

139 3443 244 3494 setzliclr
263 3442 421 3492 bestimmten
433 3441 578 3506 Ziuslusse,
596 3444 642 3493 der

139 3519 227 3562 zuerst
239 3511 315 3562 durch
328 3510 368 3559 die
380 3508 410 3558 12
420 3508 510 3560 Talelu
523 3510 641 3560 451-50

137 3597 162 3630 v.
174 3579 201 3629 C.
214 3579 365 3641 lestgcsetzt
375 3592 436 3628 war.
458 3578 641 3629 Walrrscheiu-

137 3647 188 3697 liclr
208 3648 286 3696 meiut
302 3646 340 3696 Pl.
361 3646 400 3696 die
422 3654 573 3697 erneuerten
591 3646 642 3697 Ge·

138 3722 209 3764 33133
231 3715 275 3764 des
296 3713 428 3778 folgenden
450 3716 640 3780 lalrrlmuderts,

139 3782 187 3831 357
199 3781 262 3844 (Liv.
270 3782 293 3846 'l,
301 3781 349 3848 16),
361 3799 401 3832 wo
411 3784 455 3833 das
466 3783 485 3833 1.
494 3784 641 3848 uuciarium,

138 3849 271 3915 3331361,
293 3852 331 3901 als
352 3852 397 3900 das
414 3851 431 3901 l'.
450 3852 641 3911 semunciarium

139 3918 203 3981 (Liv.
222 3918 245 3984 7,
262 3918 308 3981 27,
321 3935 353 3968 zu
368 3919 411 3981 14,
431 3918 477 3981 56)
500 3918 641 3983 eingel'dlrrt

138 3988 234 4037 wurde.
266 3987 344 4038 Soust
363 3987 548 4053 widcrspr'aehe
570 3988 640 4038 dicae

139 4054 219 4107 Stelle
230 4053 255 4121 §-
271 4056 310 4107 ll.

696 2898 1197 2962 istbesoudcreliiirgscliastuudselruld-

696 2973 811 3017 coutract
822 2967 939 3028 gemeiut„

729 3033 1198 3101 ut—onulos,weildnssaenusschou

696 3100 761 3152 Gcld
771 3109 942 3152 voraussetut,

730 3170 771 3220 29.
781 3168 900 3234 alterum,
912 3169 1132 3223 deullitterstaud.
1142 3173 1198 3225 Vou

695 3238 750 3288 hier
772 3254 804 3288 an
828 3239 926 3290 scleiut
945 3238 983 3290 Pl.
1007 3239 1080 3290 einer
1102 3241 1198 3291 anderu

695 3305 784 3373 Quelle
797 3323 829 3356 zu
841 3305 934 3370 fulgen.

728 3377 760 3425 ab
769 3375 862 3440 333111,
871 3375 1051 3443 metonymisclr
1060 3378 1198 3444 stettequi-

695 3443 770 3507 tibus,
781 3459 802 3493 s.
813 3460 845 3492 zu
854 3443 879 3506 9,
891 3443 947 3507 121,
958 3460 1085 3514 purpura,
1098 3446 1199 3513 Syuek·

696 3513 773 3561 doohe
787 3511 829 3561 liir
841 3511 1062 3591 clmoepurpureo.

694 3579 1199 3710 331313331113131131

695 3713 860 3780 Magistrateu
874 3717 1012 3779 zngetlrcilt
1023 3733 1118 3768 waren.
1135 3719 1198 3769 Jeuc

694 3783 888 3848 Beschlistiguug
901 3799 954 3835 war
968 3787 1028 3836 sehr
1039 3787 1198 3851 elutriigliclr,

695 3852 771 3901 daher
780 3852 877 3901 moclrte
887 3854 963 3902 sehon
973 3849 1197 3906 derVaterStilo‘s

695 3922 736 3982 (zu
749 3919 772 3985 9,
788 3919 845 3983 123)
858 3920 987 3972 vielleielrt
998 3923 1044 3989 das
1055 3923 1196 3974 ritterliclre

693 3987 837 4051 Vermo'geu
860 3990 992 4039 eruorben
1019 3991 1113 4053 habeu3
1142 3990 1197 4041 sein

694 4055 761 4105 Solu
773 4070 827 4106 war
838 4055 928 4107 llitter.
