2566 4576
443 301 500 356 nm
515 245 605 355 nubit
622 301 666 368 (ll,
678 301 720 369 63,
732 303 792 368 63).
903 307 906 315 ’
1105 309 1147 372 29

81 460 315 538 conqueremur,
327 457 407 519 nullo
421 457 532 530 labore,
547 456 711 518 sitientibus
723 457 849 531 similes,
864 457 985 537 qualiter
994 460 1149 524 defunctos

82 562 148 606 non
165 542 307 615 volucris,
326 559 388 603 non
406 542 466 603 fera
486 541 653 620 attingeret,
672 550 824 622 terraeque
843 552 1006 606 servaretur
1023 546 1073 624 qui
1093 545 1150 608 sibi

85 629 143 708 ipsi
157 629 300 708 periisset
330 628 437 688 Verum
457 627 609 699 fateamur,
628 634 705 688 terra
724 627 812 688 nobis
826 627 972 688 malorum
986 630 1149 692 remedium
1170 638 1219 688 tea

84 713 192 792 genuit,
206 731 262 774 nos
277 712 345 773 illud
361 713 436 773 vitae
446 712 570 774 fecimus
586 729 743 772 venenum.
769 712 838 773 Non
852 712 933 773 enim
947 721 976 774 et
987 714 1075 788 ferro,
1090 733 1148 793 quo

84 817 183 859 carere
196 815 256 859 non
270 816 441 877 possumus,
457 797 545 858 simili
560 797 652 858 modo
668 795 801 858 utimur?
820 797 881 858 Nec
895 805 994 858 tamen
1009 817 1149 877 querere·

84 900 154 944 mur
164 883 274 956 merito,
286 882 399 943 etiamsi
409 882 542 944 maleficii
553 901 640 944 causa
650 881 777 954 tulisset3
788 882 928 943 adversus
940 900 1029 944 unam
1041 883 1150 964 quippe

85 975 202 1028 naturae
226 975 339 1047 partem
366 967 471 1046 ingrati
492 986 606 1028 sumus.
643 967 723 1040 Quas
742 984 804 1027 non
824 967 859 1028 ad
879 966 997 1028 delicias
1017 987 1151 1049 quasque

82 1069 144 1113 non
158 1053 194 1113 ad
211 1051 402 1113 contumelias
417 1053 507 1113 servit
520 1047 658 1113 hominii
683 1051 718 1112 ln
732 1051 822 1112 maria
837 1051 953 1125 iacitur,
967 1060 1017 1113 aut
1030 1060 1064 1114 ut
1079 1054 1151 1114 freta

81 1136 272 1198 admittemus
292 1136 443 1210 effoditur3
469 1136 568 1216 aquis,
595 1137 688 1208 ferro,
706 1135 800 1214 ligno,
824 1135 903 1214 igne,
927 1137 1036 1215 lapide,
1059 1137 1151 1217 fruge,

81 1222 222 1282 omnibus
238 1221 385 1282 cruciatur
398 1220 496 1294 horis,
515 1222 668 1299 multoque
687 1220 753 1298 plus
774 1228 807 1281 ut
821 1220 929 1282 deliciis
945 1240 1032 1300 quamn
1047 1231 1080 1284 ut
1094 1222 1150 1284 ali·

80 1306 192 1366 mentis
208 1305 364 1366 famuletur
377 1305 499 1366 nostris.
525 1306 565 1366 Ut
579 1313 677 1366 tamen
693 1323 766 1382 quae
787 1323 902 1367 summa
923 1307 1049 1384 patiatur
1063 1315 1150 1386 utque

82 1397 216 1450 extrema
235 1396 302 1448 cute
318 1384 478 1447 tolerabilia
500 1388 666 1460 videantur,
688 1397 876 1466 penetramus
901 1390 933 1450 in
957 1391 1150 1452 visceraauri
1172 1400 1221 1452 1⁵8

85 1471 259 1549 argentique
278 1487 366 1530 venas
387 1477 415 1531 et
437 1471 512 1530 aeris
532 1491 566 1531 ac
583 1471 695 1549 plumbi
715 1474 829 1534 metalla
843 1474 1000 1548 fodientes,
1019 1494 1150 1553 gemmas

87 1555 176 1616 etiam
191 1562 220 1615 et
234 1555 378 1633 quosdam
393 1555 530 1633 parvulos
547 1556 714 1633 quaerimus
733 1557 843 1634 lapides
858 1558 1013 1619 scrobibus
1032 1559 1064 1618 in
1078 1577 1151 1637 pro·

85 1639 212 1700 fundum
227 1639 307 1700 actis.
336 1639 453 1701 Viscera
463 1639 527 1700 eius
539 1639 732 1713 extrahimus3
743 1648 775 1701 ut
786 1641 875 1718 digito
887 1649 1017 1718 gestetur
1028 1661 1152 1720 gemma,

86 1724 205 1802 petitur.
237 1725 318 1797 Quot
331 1743 437 1785 manus
454 1732 627 1797 atteruntur,
638 1732 676 1791 ut
691 1742 768 1785 unus
782 1725 873 1786 niteat
886 1724 1039 1786 articulus!
1056 1727 1088 1786 Si
1102 1726 1153 1788 ulli

83 1816 187 1869 essent
201 1808 302 1879 inferi,
323 1808 381 1869 iam
402 1810 537 1889 profecto
552 1811 618 1871 illos
633 1809 768 1871 avaritiae
783 1818 870 1888 atque
883 1809 1011 1870 luxuriae
1026 1811 1152 1872 cuniculi

83 1893 272 1954 refodissent
298 1893 335 1955 Et
346 1895 488 1956 miramur
499 1895 523 1955 si
535 1896 637 1956 eadem
653 1895 689 1956 ad
701 1913 809 1956 noxam
822 1893 922 1971 genuit
931 1893 1046 1973 aliqua?
1060 1897 1151 1957 Ferae

85 1977 178 2052 enim,
193 1979 296 2052 credo,
317 1980 486 2041 custodiunt
500 1979 578 2041 illam
594 1988 753 2059 arcentque
767 1979 923 2056 sacrilegas
939 1997 1053 2041 manus.
1082 1981 1151 2042 Non
1173 1988 1222 2041 tto

119 2117 278 2179 sidentibus,
296 2115 362 2166 nicht
377 2117 416 2166 uls
434 2116 465 2166 ob
477 2117 525 2166 wir
541 2133 589 2167 vor
677 2115 811 2182 effoditur.
831 2115 890 2166 Dies
902 2116 1008 2179 gescbnlr
1021 2117 1060 2168 bei
1070 2117 1149 2168 Was-

84 2183 165 2232 llurst
179 2183 309 2232 uml'aimen
328 2185 404 2246 (deun
423 2185 476 2234 dies
492 2185 587 2249 wiirde,
642 2199 707 2245 ser-,
720 2184 820 2233 Dumm-
832 2185 881 2233 und
891 2183 1089 2249 llufen-Bauten,
1103 2202 1150 2235 un·

85 2251 135 2300 wic
156 2251 201 2300 der
217 2250 330 2313 liupger,
352 2252 408 2301 eine
428 2251 497 2302 fruta
518 2254 588 2302 taber
643 2253 776 2302 terdonen
789 2251 997 2302 derDurcbstich
1010 2253 1149 2303 desbthos

86 2318 158 2380 sein),
172 2319 290 2382 sondern,
304 2319 350 2368 wic
360 2335 401 2368 um
410 2319 458 2369 den
469 2319 547 2370 Durst
556 2336 589 2369 au
642 2327 719 2369 uuter
735 2319 852 2380 Xerxes,
869 2321 916 2368 der
932 2319 1011 2369 llnfen
1024 2321 1150 2385 Agrippas

86 2385 181 2436 stillen.
643 2400 682 2436 am
695 2386 819 2435 Lucriner
827 2386 884 2447 See,
897 2387 943 2435 der
954 2387 1038 2436 flamm
1048 2387 1151 2451 Caligu-

120 2453 316 2519 qualiter-ent
327 2452 422 2502 taliter.
580 2460 586 2475 '
643 2453 684 2531 las
696 2453 735 2501 bei
745 2451 845 2502 Puteoli
857 2468 890 2501 zu
902 2453 950 2501 den
962 2453 1152 2504 beriiluutesteu

87 2517 593 2637 dabwgift—s‘clbbbbgffeffibbodlgbbblbhldbb
646 2519 820 2636 gotpptretzm
835 2611 870 2619 —
886 2587 993 2634 efacere.
1021 2586 1068 2635 llio
1085 2586 1153 2636 Erde

86 2655 146 2704 lliss
158 2652 230 2701 einer
239 2651 361 2713 Schlnnge
369 2651 516 2714 getfidteten
526 2647 593 2700 lidr-
647 2651 712 2700 wird
723 2651 762 2700 als
774 2650 871 2701 Person
887 2651 1005 2714 gedacbt,
1022 2653 1099 2711 drmit
1114 2654 1154 2702 ilrr

87 2736 136 2789 por
151 2719 338 2768 neuntbncnn.
354 2717 378 2779 6,
392 2719 454 2768 sou:
470 2721 595 2768 intactam
649 2719 705 2768 eine
722 2717 950 2783 llmpdnduugder
961 2718 1058 2784 Qualen
1075 2735 1153 2784 zuge-

84 2789 220 2841 colucrum
245 2791 341 2836 rostras
363 2786 501 2854 epulasque
519 2785 593 2837 datu·
648 2786 888 2836 sebriebenwerdcn
900 2787 972 2837 lunc.
992 2786 1152 2838 Plscbweb·

84 2873 146 2910 rum
158 2855 230 2906 fraud
238 2857 343 2921 a’rnpuue
353 2857 437 2919 scafe.
646 2861 689 2906 ten
696 2854 792 2905 Stellen
802 2870 856 2913 vor,
866 2855 914 2905 wie
925 2856 964 2905 bei
973 2855 1046 2906 ovid.
1053 2863 1152 2908 metam.

123 2925 180 2974 157.
197 2940 245 2973 nos
257 2950 291 2959 —
302 2937 437 2982 carenum,
450 2922 530 2972 indam
543 2921 593 2971 wir
648 2922 670 2986 1,
680 2923 727 2974 109
736 2925 785 2974 und
797 2922 857 2974 138:
866 2927 956 2974 cauda
963 2928 1108 2976 vomeribus
1118 2954 1151 2964 --

85 2993 225 3045 unsseincr
234 2991 505 3054 gegenAnderewider
513 2992 591 3040 deren
646 2992 720 3043 tellus
731 2993 780 3042 nod
792 2996 858 3043 itum
866 2996 940 3043 satin
951 2997 1049 3046 ta'sceru
1058 2999 1150 3060 onas,

86 3061 183 3113 Willen
194 3059 322 3109 bedienen.
347 3061 422 3124 attus,
436 3059 519 3121 llativ,
531 3059 554 3109 d.
566 3060 590 3109 fr.
645 3076 758 3127 quasque
766 3061 1151 3129 recondiderat—effodiuntur

86 3131 201 3197 querito
210 3131 309 3178 utatur.
507 3172 531 3207 ο
646 3145 715 3196 oper.
740 3129 861 3180 Aebnlicb
874 3130 981 3179 istaneb
995 3129 1036 3192 23,
1052 3130 1074 3179 l.
1099 3131 1151 3180 ller

122 3197 328 3250 Noc-sumus.
353 3193 537 3244 wirlrttnkeu
550 3195 591 3245 die
645 3197 857 3251 Ausdrnckeutis
869 3197 903 3246 ist
914 3213 963 3247 nou
975 3199 1025 3247 und
1038 3197 1112 3247 liibn.
1193 3216 1196 3222 ·

87 3264 163 3324 llrde,
176 3264 223 3313 den
237 3265 351 3325 einzigen
361 3261 433 3311 Toou
445 3263 492 3311 der
501 3261 590 3325 Nufar,
682 3264 739 3314 158.
760 3267 862 3331 petitur
881 3279 918 3313 sc.
939 3272 1021 3327 terra,
1040 3265 1089 3314 wie
1110 3263 1148 3326 17,

86 3329 591 3396 wogegenwiruudunlbursindsoviel-
647 3329 709 3380 227:
730 3334 768 3380 sio
787 3335 886 3399 terruaq
924 3335 960 3381 eta·
978 3331 1072 3381 suamet
1092 3334 1151 3391 (na-

87 3400 169 3462 tultis,
180 3400 238 3448 dass
248 3395 455 3448 sieullenfirund
466 3399 535 3448 fratte
545 3412 592 3446 uns
647 3399 729 3457 turul3
750 3402 838 3463 petere
855 3398 880 3447 in
897 3347 1057 3447 fbindlicbem
1073 3397 1150 3447 Sinne

88 3483 121 3518 au
129 3466 233 3530 struice,
247 3467 311 3516 ohne
320 3465 379 3514 dass
389 3465 436 3513 wir
446 3480 493 3514 uns
507 3465 593 3514 bella·
647 3461 690 3512 fur
706 3463 881 3525 ‚‚augreifen“.

65 3551 136 3600 ‘gen
159 3534 268 3585 diirf'ten.
306 3535 397 3599 qadppe
420 3531 592 3596 nacbgestellt,
681 3528 858 3594 «fi-fuscat.
877 3528 987 3593 vgruo,
1000 3530 1029 3579 2:
1043 3529 1151 3584 [mutua

88 3602 183 3668 aucb§.
194 3601 236 3651 36.
252 3598 396 3662 18,11.53.
412 3598 451 3659 19,
461 3597 503 3648 64.
519 3597 575 3647 152.
646 3601 747 3648 aarum
763 3601 851 3648 terrae
869 3602 896 3648 et
915 3601 942 3648 fu
957 3597 1019 3649 rode
1034 3598 1151 3652 Maniam

124 3670 193 3734 Qum
209 3698 243 3707 -
258 3670 363 3719 borar’na‘.
398 3666 435 3717 od
455 3666 516 3715 uird
540 3666 595 3717 frier
647 3680 709 3734 oper
726 3668 882 3732 qrraera'sraua.

88 3738 204 3789 swalmal
214 3739 237 3789 in
247 3735 452 3786 verschiedoncrn
463 3733 539 3785 Since
547 3748 592 3798 ge·
680 3738 820 3796 cat-uritr'uc,
833 3735 897 3797 „der
908 3735 1060 3800 notoncurt
1072 3737 1151 3792 fumu-

88 3806 201 3857 braurlrt
223 3805 259 3856 ud
267 3805 370 3855 delictas
382 3804 542 3856 beziolrtsirb
550 3800 597 3854 auf
646 3806 709 3866 rias,
722 3803 785 3865 „der
794 3801 971 3856 Prunlrliebe“.
990 3804 1021 3856 Α.
1032 3807 1055 3857 d.
1065 3821 1088 3858 a.
1097 3808 1150 3860 Sta

88 3875 136 3924 deu
154 3873 302 3937 Messenen,
319 3872 354 3924 ad
368 3872 536 3925 contumuletur
550 3869 596 3923 uuf
645 3872 709 3925 aboi
717 3871 813 3924 dutiae
824 3873 934 3939 JodItur
949 3880 1086 3940 quaereus
1096 3879 1152 3928 afta

91 3941 131 3991 dio
143 3941 210 3992 llrde
222 3941 309 3992 selbot.
645 3941 1108 4009 aarum,-atettdotico·sgonmaa
