2566 4576
135 368 197 432 336
373 365 436 417 nas
454 351 609 417 roarnlr
627 364 752 429 (xxxv,
766 365 790 430 r,
802 364 818 414 a
830 364 901 431 -a,
914 365 953 429 a).

133 523 272 584 Messalae
283 519 409 583 oratoris
421 519 581 600 indignatio
594 537 667 598 quae
678 519 830 599 prohibuit
840 519 928 580 inseri
944 517 1023 598 genti
1040 537 1112 580 suae
1123 518 1192 580 Lae

132 607 269 668 vinorum
284 606 405 667 alienam
419 605 589 682 imaginem3
604 604 707 665 similis
723 623 811 666 causa
821 604 959 665 Messalae
973 603 1037 664 seni
1053 604 1195 683 expressit

132 692 280 753 volumina
294 691 340 753 illa
356 709 428 770 quae
442 690 478 750 de
493 689 607 750 familiis
623 690 766 762 condidit,
783 707 850 750 cum
866 688 1012 769 Scipionis
1028 689 1193 770 Pomponi-

134 777 182 838 ani
201 776 355 838 transisset
379 774 485 836 atrium
505 773 681 854 vidissetque
706 774 864 854 adoptione
888 774 1109 836 testamentaria
1132 774 1193 836 Sal·

134 862 258 923 vittones
274 896 317 905 —
334 860 392 921 hoc
408 859 485 919 enim
503 858 597 920 suerat
614 877 779 938 cognomen
789 895 832 904 -
842 858 1047 920 Africanorum
1059 858 1194 922 dedecori

132 947 292 1026 irrepentes
305 943 477 1024 Scipionum
488 943 611 1005 nomini.
635 944 693 1005 Sed
705 964 779 1024 pace
786 945 974 1007 Messalarum
986 944 1097 1006 dixisse
1109 944 1193 1020 liceat,

133 1031 220 1092 etiam
245 1029 363 1090 mentiri
376 1029 533 1090 'claromm
559 1029 699 1108 imagines
725 1036 786 1090 erat
811 1029 915 1109 aliquis
940 1029 1084 1092 virtutum
1103 1049 1192 1104 amor,

98 1128 114 1177 9
135 1115 285 1195 multoque
305 1114 458 1174 honestius
479 1133 565 1192 quam
587 1115 691 1175 mereri
711 1114 828 1194 nequis
843 1133 912 1176 suas
927 1123 1087 1194 expeteret.
1130 1115 1192 1176 Non

133 1208 178 1261 est
191 1199 436 1280 praetereundum
451 1207 480 1259 et
490 1199 637 1260 novicium
648 1199 812 1275 inventum3
827 1199 974 1279 siquidem
986 1218 1066 1261 nanc
1078 1219 1114 1261 ex
1124 1218 1190 1261 auro

133 1293 292 1364 argentove
312 1290 362 1345 aut
382 1290 459 1344 certe
474 1303 509 1344 ex
524 1301 589 1344 aere
604 1283 635 1344 in
648 1284 831 1346 bibliothecis
848 1285 980 1346 dicantur
995 1285 1052 1346 illis
1068 1303 1190 1365 quorum

132 1369 313 1431 immortales
331 1369 444 1430 animae
462 1368 493 1429 iu
512 1368 583 1428 locis
599 1368 701 1429 iisdem
716 1369 890 1448 loquuntur3
912 1370 1093 1450 quinimmo
1109 1369 1190 1431 etiam

134 1473 207 1534 quae
222 1472 284 1516 non
299 1462 368 1515 sunt
382 1454 531 1532 tinguntur
541 1448 714 1534 pariuntque
726 1454 868 1515 desideria
879 1471 940 1515 non
951 1455 1077 1516 traditos
1089 1455 1190 1529 vultus,

82 1549 112 1599 10
133 1540 210 1602 sicut
223 1541 254 1601 in
269 1539 398 1600 Hnmero
414 1539 520 1614 evenit3
541 1556 599 1618 quo
615 1539 720 1613 maius,
735 1547 768 1600 ut
783 1539 917 1619 equidem
932 1539 1069 1616 arbitror,
1083 1540 1191 1601 nullum

132 1633 178 1687 est
197 1624 339 1686 felicitatis
356 1625 517 1703 specimen,
536 1643 623 1704 quam
638 1642 755 1704 semper
769 1642 873 1685 omnes
889 1625 965 1686 scire
980 1643 1101 1705 cupere,
1121 1643 1190 1706 qua·

132 1709 167 1771 lis
183 1709 270 1770 luerit
284 1709 395 1789 aliquis.
424 1708 516 1769 Asinii
530 1708 671 1770 Pollionis
686 1709 744 1770 hoc
758 1710 870 1770 Romae
890 1709 1044 1772 inventum
1065 1710 1113 1790 qni
1131 1710 1190 1790 pri-

132 1813 199 1855 mus
216 1794 420 1855 bibliothecam
436 1792 559 1854 dicando
574 1794 689 1872 ingenia
703 1795 858 1855 hominum
873 1813 936 1855 rem
951 1794 1099 1874 publicam
1114 1795 1191 1868 iecit3

133 1897 169 1939 an
184 1880 299 1959 priores
316 1878 466 1958 coeperint
478 1878 668 1940 Alexandriae
681 1887 712 1940 et
726 1878 858 1958 Pergami
873 1898 956 1957 reges
972 1880 1022 1959 qui
1037 1879 1191 1942 bibliothe-

81 1969 110 2019 11
135 1982 182 2026 eas
203 1981 309 2042 magno
331 1963 486 2024 certamine
505 1962 669 2036 instituere,
689 1982 751 2025 non
771 1963 852 2025 facile
871 1964 1002 2026 dixerim.
1032 1965 1191 2044 lmagiuum

133 2067 264 2109 amorem
275 2049 414 2128 flagrasse
424 2048 572 2126 quondam
585 2056 673 2110 testes
689 2057 759 2110 sunt
769 2048 881 2110 Atticus
893 2049 939 2110 ille
951 2049 1103 2111 Ciceronis
1116 2050 1189 2112 edito

133 2132 169 2192 de
188 2132 223 2192 iis
238 2132 394 2205 volumino,
410 2133 447 2193 M.
463 2133 555 2193 Varro
570 2132 782 2213 benignissimo
798 2133 917 2195 invento
932 2134 1053 2197 insertis
1068 2134 1189 2198 volumi·

168 2313 191 2365 8.
210 2315 337 2366 Messalae
349 2333 381 2365 zu
391 2316 414 2380 7,
424 2316 465 2366 90.
474 2343 510 2354 —-
520 2317 638 2383 indagac-
725 2319 749 2370 9.
761 2337 827 2371 nano
837 2322 898 2371 nach
903 2337 927 2372 v.
934 2322 988 2385 lan,
998 2322 1040 2371 die
1050 2322 1125 2373 lldss.
1134 2339 1188 2374 aar.

133 2386 175 2466 ²²2²
188 2382 243 2433 eine
255 2383 388 2468 neaeram
403 2400 452 2453 per
468 2401 544 2466 auem
560 2387 638 2452 coafi-
727 2405 766 2455 10.
785 2407 996 2471 Asea-seca,
1009 2423 1042 2457 zu
1056 2409 1080 2470 a,
1096 2408 1152 2458 115.

132 2456 199 2502 mr
221 2456 252 2502 “t
265 2469 291 2535 Ψ
308 2453 416 2536 ‘²1²un
433 2453 561 2504 'mmmm
580 2470 636 2535 'mi'
726 2490 765 2540 11.
784 2493 888 2541 Atticas
898 2520 932 2528 -
946 2489 1075 2543 Ciceronis
1087 2509 1123 2543 sc.
1133 2493 1190 2544 ami·

130 2536 212 2604 3²²²*
231 2522 316 2603 ²4²²²²
331 2526 378 2603 ²²²
394 2539 424 2572 ²²
444 2538 637 2602 ²².²²²1‘2'²'²²².'²²
691 2574 734 2608 aas
771 2559 819 2608 wie
837 2561 860 2623 q.
880 2558 936 2608 144.
954 2559 986 2607 35
1014 2560 1056 2610 os.
1076 2560 1133 2612 144.
1155 2563 1190 2611 aa

133 2589 439 2657 osseosaoeoaoctetar,
452 2591 539 2641 Cicero
552 2592 582 2640 de
597 2606 636 2639 rn-
690 2597 749 2676 '1qu
763 2642 819 2676 ann·
835 2625 872 2690 12,
888 2627 898 2674 1
917 2598 1042 2678 Lollm'am
1059 2629 1190 2680 pamm

131 2663 200 2706 vent.
217 2657 236 2722 l,
251 2657 292 2707 53.

165 2724 344 2788 taetriorem,
369 2728 408 2778 die
429 2728 490 2777 auch
512 2743 558 2776 zur
573 2741 635 2788 gens

132 2790 241 2858 Valeria,
261 2794 322 2843 aber
338 2811 371 2844 zo
387 2796 458 2844 einer
474 2796 568 2844 andern
585 2793 635 2842 Fa·

130 2860 198 2909 milie
211 2863 341 2923 gebdrten.

111 2922 117 2931 “
164 2926 244 2977 Meos.
256 2931 318 2989 seni,
341 2944 386 2977 aus
403 2929 492 2977 dessen
512 2927 576 2976 buch
594 2926 634 2990 34,

134 2992 180 3042 137
199 2995 255 3043 eine
273 2996 353 3044 Stella
370 2995 483 3057 gegeben
503 2995 575 3043 wird.
599 2996 636 3045 Er

131 3061 198 3109 hiess
211 3061 257 3109 mit
268 3062 323 3109 dem
336 3061 461 3110 Zunamen
474 3060 569 3125 Rufras,
585 3063 634 3111 wie

131 3143 160 3176 er
180 3127 266 3191 7,137
289 3129 338 3176 und
359 3128 390 3176 im
412 3127 635 3179 luhaltsverzeich·

130 3195 199 3244 nisse
212 3211 243 3243 zu
257 3196 322 3245 Buch
335 3194 368 3244 34
380 3203 489 3258 genennt
500 3197 572 3246 wird.

164 3260 326 3328 Sqloc‘ltoaes,
339 3279 370 3311 zu
378 3263 404 3328 ’7,
419 3263 459 3313 54.
484 3264 550 3315 Plut.
561 3265 633 3315 Caes.

131 3330 163 3379 52
185 3329 219 3395 ἡν
237 3325 301 3400 παρ’
323 3324 395 3396 αὐτῷ
419 3333 571 3401 (Καίσαρί)
594 3350 635 3388 τις

130 3391 282 3469 ἅνθρωπος
298 3390 385 3454 ἄλλως
395 3398 448 3467 μὲν
462 3395 634 3470 εὐκαταφρό-

45 3530 48 3535 .
129 3483 210 3531 νητος
228 3467 274 3516 καὶ
296 3469 440 3546 nopqpaslq
466 3469 527 3524 ἐνος
545 3471 635 3525 οἰκίας

130 3533 160 3585 dt
180 3537 228 3599 τῆς
238 3530 420 3603 Ἀφρικανων,
459 3539 562 3589 statar
572 3536 633 3587 ἐκα-

130 3603 203 3652 λεῖτο
215 3603 399 3653 §alteratae

163 3669 281 3721 dedecora
289 3696 323 3708 —
334 3675 438 3721 aarar'm'.
461 3670 513 3721 Der
525 3672 633 3722 letzterc

129 3736 204 3786 Dutiv
214 3739 290 3801 hiingt
302 3755 357 3788 vom
368 3738 476 3789 Verbum
487 3740 525 3802 ab,
536 3742 581 3790 der
591 3756 633 3790 er-

129 3811 198 3853 stcre
214 3806 248 3855 ist
264 3808 309 3856 der
324 3808 379 3858 Dat.
396 3808 544 3857 incommodi
555 3831 590 3852 =
601 3809 633 3859 ad

128 3873 245 3924 dedecus.

163 3957 233 4005 suos,
251 3944 310 4006 geht
322 3943 366 3993 aui
376 3944 415 3993 die
432 3945 456 3994 in
468 3947 565 3996 aaerera'
577 3952 632 3994 ent·

129 4008 228 4060 haltene
249 4011 352 4062 Person.

689 2693 726 2744 M.
742 2693 817 2744 Lollii
845 2709 879 2743 se.
901 2694 986 2744 liliam.
1032 2695 1190 2747 Gewiihnlieh

689 2762 753 2810 wird
775 2778 822 2811 nur
841 2777 911 2812 eaeor
926 2762 965 2811 bai
986 2763 1068 2814 einem
1093 2766 1189 2816 solehen

690 2829 791 2880 Genitiv
803 2831 974 2892 ausgelassen.
995 2830 1023 2882 T.
1037 2832 1189 2898 Pomponiae

688 2900 805 2960 Atticas,
826 2913 856 2947 an
870 2899 917 2947 den
931 2897 1018 2948 Cicero
1032 2901 1072 2951 die
1085 2901 1189 2951 zahlrei·

689 2966 751 3014 chen
771 2967 833 3014 noch
855 2965 1000 3016 erhaltenen
1020 2968 1107 3019 Briei'e
1129 2970 1189 3019 rieh-

689 3038 754 3092 tete,
771 3033 838 3082 lehte
856 3049 903 3083 von
919 3032 967 3082 109
979 3063 1014 3071 -
1026 3035 1057 3085 31
1072 3054 1098 3088 v.
1111 3038 1139 3088 C.

723 3112 789 3162 edito
800 3141 835 3150 -
846 3114 979 3164 ool-amabe.
1015 3117 1090 3168 Corn.
1110 3118 1190 3185 Nepos

688 3196 713 3230 v.
726 3181 779 3230 Att.
795 3180 825 3230 18
846 3185 962 3232 coraibus
979 3188 1024 3249 qui
1040 3187 1139 3238 bmrore
1155 3202 1191 3238 re·

688 3263 795 3314 rumque
803 3254 940 3314 gestorum
952 3253 1120 3320 amplitudine,
1130 3260 1192 3306 cete-

687 3316 847 3367 reclinabant
851 3318 1139 3386 popalipraestt'terant
1149 3341 1192 3375 ea·

686 3388 786 3450 posuit,
803 3388 842 3434 iia
854 3391 884 3436 at
894 3389 940 3436 sab
953 3389 1119 3452 singolorum
1130 3395 1192 3442 iota·

685 3455 790 3516 ga'au'bus
803 3455 883 3518 sacta
907 3459 1133 3526 magistratusque
1153 3477 1192 3510 eo-

687 3535 747 3570 ram
758 3537 808 3571 nort
820 3522 931 3590 ornple'as
946 3528 1080 3589 qaotemris
1097 3531 1193 3594 qaa'uis·

687 3604 735 3652 qaae
746 3593 862 3640 versibus
874 3590 1046 3659 descirpserat.

720 3673 756 3722 M.
769 3675 798 3726 V
795 3690 865 3727 arro.
889 3676 972 3725 Driroh
985 3679 1030 3729 das
1044 3680 1193 3748 Asyndeton

686 3740 750 3790 wird
762 3742 867 3793 Varro's
881 3744 1002 3794 weiterer
1014 3746 1078 3799 Plan
1097 3751 1129 3800 im
1144 3750 1193 3802 Ge-

686 3817 805 3869 gensatze
818 3828 850 3860 zu
861 3811 966 3861 Atticus’
979 3813 1077 3866 Werlre
1090 3819 1195 3870 hervor-

686 3877 804 3938 gehoben.
840 3879 918 3929 Sonst
933 3881 1002 3930 steht
1024 3899 1052 3933 es
1071 3885 1112 3935 bei
1131 3889 1194 3937 zwei

684 3944 778 3994 Numen
791 3949 854 3996 aucb
866 3950 929 3996 ohne
942 3947 1085 4003 besondere
1096 3955 1194 4006 Beden-

609 4039 614 4050 =
686 4019 753 4077 tung,
766 4016 812 4064 wie
825 4015 849 4081 ξ.
863 4017 904 4065 57.
