2566 4576
146 324 1051 434 ausenonauunmunnruuanuoatxxxvr,4,a-a,at
1088 369 1150 433 389
1200 373 1209 384 ·

91 540 128 584 ex
141 539 204 583 uuo
218 520 323 601 lapide.
352 521 433 582 Idem
448 528 477 582 et
491 539 507 582 a
522 519 657 602 Coponio
672 519 736 582 XIV
749 521 883 584 nationes
898 541 972 602 quae
987 531 1057 586 sunt
1075 523 1151 587 circa

90 606 226 686 Pompeii
241 606 386 667 theatrum
401 607 491 667 factas
507 614 609 671 auctor
623 613 676 667 est
720 606 838 668 Invenio
859 616 889 669 et
903 607 1068 671 Canachum
1085 610 1149 670 fau·
1170 621 1204 673 42

92 693 193 754 datum
213 691 288 752 iuter
312 691 468 753 statuarios
492 691 596 752 fecisse
619 710 794 752 marmorea.
841 693 901 755 Nec
919 693 1042 754 Sauram
1066 701 1152 772 atque

89 776 268 839 Batrachum
285 776 444 838 oblitterari
465 776 600 838 convenit
621 777 671 855 qui
691 778 784 838 fecere
803 778 912 858 templa
927 778 1061 840 Octaviae
1079 796 1151 858 por·

90 862 196 924 tisibus
213 862 332 936 inclusa,
347 862 465 923 natione
480 861 537 940 ipsi
548 863 689 922 Lacones,
721 861 844 934 Quidam
861 873 891 924 et
905 863 1011 942 opibus
1022 882 1151 944 praepo-

89 955 185 1009 tentes
209 946 300 1008 fuisse
325 966 376 1008 eos
401 950 505 1026 putant
529 966 562 1007 ac
587 966 640 1008 sua
663 947 797 1025 impensa
820 948 1021 1009 construxisse
1044 948 1151 1009 inscri-

88 1033 224 1114 ptionem
239 1040 400 1113 sperantes,
421 1050 477 1112 qua
491 1042 593 1110 negata
609 1032 666 1092 hoc
680 1040 778 1093 tamen
793 1032 848 1093 alio
865 1033 955 1094 modo
976 1051 1151 1113 usmpasse:

90 1125 161 1181 suut
176 1125 252 1179 certe
268 1119 427 1179 etiamnum
446 1117 476 1177 iu
497 1118 700 1179 columnarum
720 1118 808 1197 spiris
830 1118 975 1198 insculpta
994 1119 1151 1180 nominum

89 1222 194 1266 eorum
212 1211 383 1282 argumento
400 1203 505 1264 lacerta
521 1212 607 1282 atque
623 1219 702 1264 rana.
728 1202 762 1262 ln
772 1202 849 1264 lovis
861 1204 930 1264 aede
941 1223 977 1264 ex
990 1204 1027 1264 iis
1038 1203 1151 1283 pictura
1171 1215 1204 1266 43
1276 1202 1279 1209 ’

89 1289 242 1368 cultusque
256 1288 386 1368 reliquus
402 1288 500 1348 omnis
515 1287 647 1348 femineis
659 1287 837 1366 argumentis
853 1296 980 1362 constat;
996 1289 1150 1351 eratenim

88 1375 164 1435 facta
178 1374 293 1445 lunoni,
314 1374 366 1435 sed
386 1392 452 1435 cum
473 1373 652 1434 inferrentur
672 1372 753 1451 signa
773 1384 958 1452 permutasse
976 1374 1071 1452 geruli
1089 1381 1150 1435 tra·

91 1460 219 1532 duntur,
232 1467 261 1520 et
275 1459 305 1520 id
320 1458 460 1537 religione
476 1458 654 1519 custoditum
669 1457 745 1517 velut
759 1458 833 1536 ipsis
850 1458 895 1519 dis
911 1458 1012 1519 sedem
1026 1458 1064 1520 ita
1080 1477 1149 1537 par-

88 1544 164 1618 titis3
184 1563 254 1623 ergo
274 1552 303 1605 ct
322 1544 353 1604 in
373 1543 494 1605 iunonis
515 1542 584 1604 aede
605 1542 697 1602 cuitus
717 1551 763 1602 cst
782 1544 831 1620 qui
850 1542 926 1603 lovis
951 1562 1018 1603 esse
1041 1542 1148 1603 debuit.

89 1630 168 1692 Sunt
192 1638 220 1691 et
243 1630 274 1691 in
297 1629 425 1709 parvolis
449 1627 622 1690 marmoreis
645 1627 752 1695 famam
778 1628 927 1690 consecuti
949 1627 1150 1707 Myrmecides,

90 1715 174 1777 euius
189 1715 358 1795 quadrigam
377 1733 442 1776 cum
459 1713 598 1793 agitatore
614 1713 730 1792 operuit
744 1712 796 1773 alis
808 1732 918 1784 musca,
933 1720 962 1773 et
976 1712 1148 1786 Callicrates,
1225 1746 1228 1751 ·

88 1800 173 1862 cuius
188 1801 379 1863 formicarum
393 1800 483 1881 pedes
498 1809 584 1881 atque
598 1797 651 1860 alia
666 1798 798 1859 membra
812 1797 962 1878 pervidere
976 1804 1106 1859 nonest

90 2043 175 2102 tram,
193 2039 238 2089 das
249 2039 275 2089 in
290 2039 338 2088 den
347 2037 421 2088 Hdss.
434 2035 590 2102 aasgefallen
679 2033 797 2098 (faidarn,
809 2034 940 2085 riclleicht
948 2034 1011 2086 Juba
1023 2034 1065 2098 (an
1077 2033 1101 2099 8,
1115 2034 1148 2102 7),

89 2107 130 2172 ist,
143 2108 187 2157 hat
197 2106 299 2157 Brotier
310 2106 501 2171 cingesehaftet.
644 2102 689 2153 der
707 2104 731 2153 iu
745 2103 829 2153 seincr
845 2104 983 2154 rdmischen
997 2102 1148 2154 Gescirichto

123 2173 165 2224 42.
185 2174 324 2240 laudatum,
337 2173 378 2238 34,
392 2174 434 2224 50.
448 2174 489 2224 75.
644 2172 705 2221 oder
733 2171 903 2236 Archiiofogie
936 2172 1035 2222 allarici
1059 2171 1148 2222 Merk-

122 2240 235 2294 Sauram
259 2259 283 2294 a.
309 2243 474 2295 Batrachum.
514 2242 589 2292 Dicse
642 2240 772 2304 rairdigas
788 2242 838 2290 und
855 2239 1029 2291 Auffaliendes
1052 2255 1084 2290 zu
1105 2255 1147 2290 er-

87 2309 230 2371 Anekdote,
238 2311 349 2360 welehcr
357 2311 416 2361 kain
426 2310 591 2362 historischer
643 2308 733 2358 kliren
746 2309 843 2373 suchtc,
856 2310 918 2359 oder
930 2309 970 2359 die
983 2308 1076 2359 Rdmer
1088 2307 1147 2358 Ciu·

89 2374 183 2425 Gohaft
203 2375 350 2438 beizuiegen
370 2378 418 2440 ist,
443 2378 475 2427 da
491 2378 540 2427 wir
557 2377 590 2427 im
644 2375 697 2424 eius
708 2377 758 2425 und
771 2375 858 2440 Galba,
872 2378 912 2427 die
924 2384 1001 2426 anter
1012 2377 1060 2425 den
1070 2375 1147 2441 Quol-

90 2441 242 2506 Gcgcntheil
258 2443 365 2504 wissen,
382 2445 440 2492 dass
457 2444 503 2492 der
514 2443 590 2492 Tem·
643 2442 686 2491 len
698 2442 782 2492 dieses
793 2443 874 2494 Buchs
886 2445 949 2494 nach
960 2442 1044 2494 Varro
1056 2442 1145 2506 aufgc·

87 2510 131 2578 pel
153 2511 198 2560 des
218 2509 333 2575 iuppiter
349 2510 436 2560 Stator
460 2509 590 2559 iuuerhalb
644 2507 715 2556 iiihrt
727 2509 838 2558 werden.

87 2579 133 2652 des
154 2577 327 2657 Siiulcugangs
349 2592 400 2628 von
422 2577 590 2627 Hermodoros
677 2599 1147 2666 mmpgonm-negawyeflfflffi

86 2661 134 2697 aas
160 2644 266 2725 Salamis
291 2645 333 2696 fur
356 2645 475 2696 Metellus
489 2644 591 2725 'erbaut
643 2672 707 2715 tem,
728 2666 750 2728 1,
771 2666 798 2715 11
818 2667 861 2717 aa
878 2671 918 2716 ,gt
932 2667 1049 2718 Menum
1060 2667 1147 2720 Mm-

85 2714 175 2764 Wffl'de
200 2713 309 2776 (V1i1'flV-
334 2712 358 2777 3,
382 2713 407 2776 2,
429 2713 463 2777 5),
486 2719 521 2763 ¹⁸t
544 2727 589 2762 ³¹¹⁸
644 2733 750 2784 donicus
774 2738 821 2800 qui
840 2738 956 2802 porticus
983 2737 1148 2802 quaesitore

87 2782 143 2833 dem
155 2780 285 2831 Wunsche
302 2781 463 2844 eatstandeu,
480 2782 525 2831 das
538 2780 590 2830 0r-
643 2801 818 2854 circumdata,
835 2803 934 2855 dmm
951 2803 1058 2855 aedita,
1078 2807 1148 2855 ,5220

87 2856 188 2900 nument
200 2850 297 2912 einiger
309 2849 402 2900 S'aiulen
415 2866 448 2899 zu
460 2848 587 2912 erkliiren,
642 2873 673 2921 gn
679 2872 860 2940 scripu-on,
871 2873 1071 2940 postumum
1080 2886 1148 2923 mmo

86 2933 119 2969 an
132 2918 210 2967 deren
223 2916 359 2997 itacenein
369 2917 465 2968 Frnsch
472 2911 588 2997 idcireo·
644 2938 762 2991 pompa,
772 2943 917 3009 Porum,
928 2941 1083 3007 amman
1093 2941 1147 3008 su.

82 2986 144 3054 χος)
157 2986 207 3036 und
219 3001 275 3036 erae
284 2985 408 3036 Erdccbse
422 2988 484 3049 (aaa
504 2988 530 3049 a)
543 3001 588 3050 ge·
642 3011 708 3058 mg

85 3051 278 3117 bildetwaren,
295 3054 343 3104 wie
360 3069 392 3105 ιιι
409 3055 465 3105 dem
500 3053 589 3120 apitcll
729 3103 743 3115 „
906 3101 912 3114 ‚

46 3165 51 3171 .
86 3121 160 3172 einer
171 3122 234 3171 noch
247 3121 394 3173 crhaltanen
408 3122 484 3173 Siiule
502 3121 527 3172 in
544 3123 590 3172 der
677 3116 712 3151 ⁰5⁶
722 3117 764 3165 ²²⁸»
778 3101 935 3168 δαὶ(9111Ιῆῑὸ-

84 3187 179 3240 liirchc
201 3187 227 3238 S.
250 3187 367 3240 Loreuzo
388 3190 455 3240 fuori
474 3191 499 3240 fe
519 3205 590 3241 mura
677 3189 719 3240 43.
739 3190 911 3260 Mynnecr'daa
924 3192 948 3257 t,
961 3191 1003 3243 85.
1015 3195 1147 3243 -eat·=

86 3255 294 3322 (Winckelmann
310 3272 375 3308 mon.
392 3258 457 3309 iued.
471 3275 496 3308 ιι.
514 3255 588 3323 206).
643 3257 711 3309 licet.
