2566 4576
165 356 227 419 555
324 354 527 409 cuscmcarn
545 325 613 408 nna
631 350 735 406 uram
755 352 855 420 (xxx,
871 354 893 417 t,
904 352 920 405 a
931 381 966 393 -
977 353 1001 422 a,
1013 353 1053 419 5).

165 529 237 573 num
252 520 336 594 atque
351 511 502 574 transiisse
512 528 566 591 per
577 508 748 571 memoriam
760 527 851 590 aeque
861 527 895 571 ac
904 508 976 570 nihil
989 508 1020 569 in
1035 506 1092 570 vita
1107 507 1212 570 mnan·

113 610 145 661 15
165 599 234 660 dum
253 606 310 659 est:
331 597 492 660 intantum
511 597 584 659 tides
605 596 668 656 istis
690 597 790 676 sasque
805 612 892 656 omne
911 592 1007 668 deest,
1027 594 1101 656 adeo
1117 602 1151 656 ut
1169 594 1214 674 qui

165 690 257 745 cetera
276 683 383 744 inviro
402 683 449 745 illo
470 682 595 763 probant
614 683 686 743 baec
706 699 795 762 opera
809 682 872 743 eius
889 699 954 742 esse
972 679 1147 754 inficientur,
1167 680 1215 741 sed

164 771 281 842 trustra,
296 770 375 830 hunc
390 769 467 829 enim
482 767 606 828 maxime
621 766 747 829 affixisse
758 766 863 829 animis
874 784 938 827 eam
950 765 1133 828 dulcedinem
1146 783 1214 826 con-

165 862 231 917 stat.
260 855 439 933 Plenumque
454 852 583 914 mIraeuli
598 859 626 913 et
640 853 710 927 hoc,
730 852 837 933 pariter
854 859 991 930 utrasque
1005 858 1082 912 artes
1098 851 1215 912 5111515-

164 941 233 1013 isse,
248 938 422 1001 medicinam
435 938 499 999 dico
516 938 712 1018 magioenque,
728 938 827 999 eadem
839 944 930 999 aetate
940 936 1017 997 illam
1029 936 1215 1016 Hippocrate,

164 1027 240 1087 hanc
259 1023 424 1086 Democrito
444 1023 669 1094 illustrantibus,
693 1024 769 1085 circa
783 1021 1066 1103 Peloponnesiacum
1082 1021 1216 1083 Graeciae

114 1125 142 1176 11
164 1110 272 1171 bellum
287 1110 366 1190 quod
389 1117 502 1188 gestum
519 1116 564 1170 est
578 1127 594 1169 a
609 1106 684 1170 CCC.
699 1108 782 1171 urbis
801 1115 920 1169 nostrae
935 1124 1022 1169 anno.
1052 1107 1109 1169 Est
1124 1107 1216 1169 atalia

163 1195 289 1274 magices
310 1194 395 1256 tactio
411 1195 516 1256 511555
531 1202 560 1256 et
568 1195 656 1255 lanne
671 1202 698 1255 et
712 1194 822 1273 Lotape
837 1192 992 1255 acludaeis
1009 1192 1155 1273 pendens,
1170 1193 1216 1254 sed

164 1279 262 1341 multis
282 1280 399 1341 milibus
420 1298 564 1341 annorum
584 1286 653 1360 post
671 1280 855 1341 Zoroastren.
891 1279 984 1339 Tanto
1006 1278 1155 1339 recentior
1174 1285 1216 1339 est

164 1365 276 1446 Cypria.
306 1365 373 1427 Non
391 1366 483 1435 levem
498 1373 527 1426 et
541 1364 692 1427 Alexandri
706 1364 800 1444 Magni
820 1362 1001 1444 temporibus
1017 1363 1216 1425 auctoritatem

164 1451 273 1512 addidit
291 1451 469 1530 professioni
489 1452 635 1512 secundus
647 1451 794 1526 ¹Osthanes
810 1449 949 1511 comitatu
968 1448 1030 1510 eius
1050 1456 1215 1524 exornatus,

163 1536 312 1616 planeque,
329 1537 407 1617 quod
422 1554 510 1597 nemo
526 1536 644 1609 dubitet,
661 1535 763 1597 orbem
777 1544 920 1597 terrarum
935 1535 1108 1614 peragravit.

112 1639 142 1690 12
195 1636 208 1667 o
248 1623 371 1683 Exstant
386 1630 461 1684 certe
476 1630 505 1683 et
519 1622 595 1702 apud
613 1621 697 1684 Italas
717 1629 816 1701 gentes
837 1620 956 1699 vestigia
977 1618 1039 1681 eius
1059 1619 1091 1681 in
1106 1619 1160 1681 llll
1174 1626 1215 1682 ta·
1232 1623 1235 1629 ’

163 1707 239 1770 bulis
255 1708 366 1769 nostris
381 1707 500 1787 aliisque
514 1707 707 1787 argumentis,
723 1726 796 1787 quae
809 1706 909 1787 priore
922 1705 1069 1767 volumine
1084 1706 1214 1785 exposui.

163 1792 293 1856 uuuvu.
317 1793 436 1855 demum
459 1811 537 1854 anno
560 1792 642 1855 urbis
669 1792 721 1855 Gn.
747 1791 880 1854 Cornelio
905 1790 1028 1852 Lentulo
1053 1791 1086 1853 P.
1106 1790 1214 1852 Licinio

164 1879 270 1941 Crasso
283 1897 359 1940 coss.
373 1879 658 1940 senatusconsultum
674 1880 779 1940 tactum
796 1885 888 1939 estne
902 1878 993 1938 bomo
1008 1876 1213 1949 immolaretur,

113 1979 142 2030 13
163 1965 314 2045 palamque
328 1963 381 2026 fuit
397 1964 427 2025 in
441 1972 558 2042 tempus
572 1964 642 2025 illud
654 1982 734 2025 sacra
745 1963 913 2043 prodigiosa
925 1960 1086 2024 celebratio.
1113 1961 1214 2024 Gallias

164 2050 263 2130 utique
278 2048 422 2128 possedit,
444 2048 604 2127 etquidem
620 2048 656 2110 ad
671 2057 802 2111 nostram
818 2047 1004 2121 memoriam,
1023 2065 1153 2128 namque
1167 2047 1214 2109 Ti·

163 2133 235 2194 herii
251 2133 380 2194 Caesaris
400 2133 581 2212 principatus
602 2134 718 2195 sustulit
737 2133 855 2195 druidas
875 2151 976 2194 eorum
997 2139 1026 2194 et
1044 2133 1105 2194 hoc
1124 2150 1217 2219 genus*

163 2225 259 2279 vatum
276 2217 524 2297 medicorumque.
555 2218 612 2280 Sed
628 2219 696 2299 quid
715 2237 769 2298 ego
782 2219 854 2280 haec
869 2236 1099 2280 commemorem
1112 2218 1145 2278 in
1159 2225 1214 2280 aro

165 2319 305 2364 oceanum
320 2321 435 2382 quoque
449 2311 632 2382 transgressa
647 2304 723 2366 etad
740 2311 860 2365 naturae
874 2304 959 2365 inane
969 2301 1126 2383 pervecta?
1152 2304 1212 2365 Bri·

162 2388 260 2451 tannia
274 2389 420 2468 hodieque
440 2408 502 2451 eam
522 2390 642 2451 attonite
662 2388 784 2452 celebrat
803 2389 890 2452 tantis
910 2387 1096 2450 caerimoniis
1114 2396 1149 2451 ut
1167 2388 1213 2450 de·

198 2527 238 2592 10,
255 2527 302 2579 sed
309 2556 344 2565 —
353 2531 458 2579 constet.
471 2527 569 2580 Gellius
581 2527 619 2591 10,
631 2528 662 2578 12
715 2544 798 2592 sacra,
811 2526 1215 2593 geheiligt,nichtverboten,Pcii·

161 2597 244 2648 macht
263 2612 291 2647 es
312 2598 367 2648 dem
387 2595 424 2646 Pl.
446 2596 491 2648 mit
511 2596 589 2647 llecbt
607 2613 663 2646 zum
717 2597 783 2648 dicat
799 2597 953 2663 551551.-
967 2596 1041 2644 irc-
1052 2594 1214 2662 2151151555

162 2665 294 2729 Vorwurl,
318 2667 375 2716 dass
399 2681 428 2715 er
448 2666 517 2716 diese
538 2665 663 2716 Schriften
713 2665 789 2730 jener
805 2664 875 2726 Zeit;
892 2663 1099 2729 Menscbenopier
1115 2665 1214 2714 wurden

163 2735 230 2784 nicbt
240 2735 397 2785 entscbiedeu
409 2733 449 2784 liic
457 2735 548 2785 uniiebt
557 2734 662 2784 erkliirt.
716 2735 778 2784 aueb
791 2735 877 2799 spiiter
888 2733 951 2782 noch
963 2746 994 2780 an
1003 2729 1108 2782 linaben
1120 2733 1214 2783 551155-

196 2819 213 2852 5
223 2831 258 2839 -
268 2819 343 2869 anno,
355 2803 409 2852 eine
422 2804 501 2852 runde
513 2802 583 2868 Zabl,
599 2803 663 2852 deun
716 2818 772 2868 gen,
784 2817 829 2852 aus
842 2803 918 2852 deren
928 2799 1108 2864 llingeweideu
1121 2817 1152 2853 zu
1161 2817 1215 2867 pro-

163 2871 208 2920 der
216 2869 293 2933 lirieg
301 2871 352 2933 ling
360 2870 393 2920 im
403 2869 425 2920 J.
437 2869 485 2919 322
496 2869 661 2921 derStadtan.
716 2870 865 2937 phezeibea‚
890 2869 928 2919 als
949 2867 1135 2934 Todtcuopler,
1158 2869 1214 2919 oder

198 2938 238 2987 11.
256 2937 521 3006 odiose-pendens.
536 2936 663 3004 llerApo-
715 2937 945 2988 umZanbermittel
954 2937 1045 2987 claraus
1055 2952 1088 2986 zu
1097 2937 1214 2987 bereiteu.

163 3006 213 3055 scel
224 3003 316 3055 Paulus
334 3020 365 3055 an
377 3004 485 3055 Timotb.
498 3004 521 3070 2,
534 3003 557 3066 3,
571 2999 664 3057 8Ἰαν·
716 3007 763 3056 Ein
786 3007 884 3056 solobes
906 3004 1025 3055 achildert
1042 3005 1127 3056 115555
1147 3005 1213 3071 epod.

162 3067 664 3144 νῆςκαὶἸαμβρῆςάντέστησανΜωϋ-
717 3075 740 3141 5,
752 3074 802 3138 vgl.
818 3073 869 3124 Cic.
887 3074 912 3123 in
930 3071 1014 3124 Vatin.
1029 3072 1117 3125 deum
1126 3088 1215 3142 pucro-

164 3143 214 3192 σεῖ.
238 3139 323 3190 Μ5555
332 3142 418 3190 wurde
428 3155 514 3202 wegen
524 3140 602 3189 deria
612 3140 664 3191 Ae·
715 3158 776 3193 rum
790 3145 858 3193 extis
873 3141 934 3192 deor
949 3139 1040 3192 Manes
1055 3147 1169 3193 55551555
1178 3158 1215 3193 55-

213 3216 255 3258 teu
267 3209 437 3259 verricbteten
448 3207 564 3258 Wunder
574 3224 606 3257 zu
615 3210 664 3258 den
717 3210 776 3261 loos.
798 3210 904 3261 Juvenal
913 3208 937 3273 6,
951 3209 1000 3258 550
1007 3214 1115 3275 pectore
1123 3212 1215 3262 rimm-

163 3225 275 3342 ffigiern
286 3277 420 3340 gerecbnet
430 3277 479 3326 und
491 3292 541 3327 von
553 3277 600 3326 den
612 3276 664 3327 Ae·
719 3284 762 3329 tur
774 3317 780 3328 .
791 3317 797 3328 .
809 3317 815 3329 .
828 3277 959 3329 interdum
971 3282 998 3328 et
1005 3280 1092 3346 pueri.

163 3352 270 3414 gyptern
291 3345 329 3394 els
347 3344 424 3394 Einer
441 3346 487 3394 der
503 3343 601 3410 lbrigen
620 3345 663 3395 be·
753 3345 791 3397 13.
809 3346 937 3415 possedit,
955 3361 990 3396 sc.
1003 3348 1108 3412 magice.
1127 3376 1161 3385 -
1178 3346 1215 3400 Ti·

163 3415 285 3477 traebtet‚
307 3414 352 3462 der
369 3413 414 3462 mit
429 3413 596 3478 Aussa'tzigen
614 3415 664 3463 und
717 3416 791 3480 berc'e',
812 3415 874 3466 nach
888 3414 991 3466 Sueton.
1015 3414 1103 3466 Claud.
1119 3416 1151 3466 25
1166 3421 1216 3466 erst

163 3484 348 3534 Verstossenen
363 3483 554 3544 ausgcwaudert
565 3483 602 3533 551
615 3483 664 3532 uad
718 3483 842 3547 Claudius,
852 3500 884 3533 zu
895 3483 934 3547 16,
945 3482 1003 3532 249.
1020 3482 1142 3534 ludessen
1151 3488 1215 3536 batte

165 3551 283 3603 dasVolk
297 3550 428 3599 dertuoen
442 3549 581 3614 begriindet
593 3550 663 3614 labe,
717 3552 792 3602 sebon
809 3550 925 3602 Tiberius
942 3550 1091 3616 allgemeine
1108 3554 1215 3605 Verbote

164 3621 244 3671 Tacit.
261 3618 318 3667 bist.
336 3617 359 3680 5,
373 3616 395 3667 3.
421 3618 504 3669 Dabar
515 3634 552 3684 ac,
565 3621 596 3669 da
608 3618 664 3669 Mo·
717 3618 842 3700 inultalien
859 3620 972 3670 erlasseu
988 3621 1038 3670 und
1056 3620 1158 3672 Stralen
1174 3622 1214 3671 be·

163 3687 664 3822 333?pr{pepppppppppppppprzpd
718 3695 1012 3820 ειι11151111555515555519,
1026 3756 1040 3804 7
1053 3759 1158 3810 5151555
1166 3774 1215 3810 oce·

165 3825 225 3874 nach
242 3822 314 3871 ibnen
331 3822 370 3872 dic
383 3824 462 3874 luden
475 3823 664 3875 5155151151115·
716 3828 761 3876 551
777 3828 877 3876 obstare
893 3827 978 3893 apsent
994 3826 1064 3891 guod
1077 3829 1214 3879 55555115-

163 3893 218 3956 gier
229 3890 340 3940 wurdeu.
352 3919 386 3928 —
401 3892 494 3959 Tanto,
510 3893 570 3943 eben
584 3893 665 3943 soviel
716 3911 773 3944 ane.

160 3961 260 4025 jiioger.
750 3962 1215 4027 Britaona'a‚woberdasDruideotburn

199 4029 238 4083 12.
254 4030 343 4101 priore
362 4029 500 4094 colubrino,
517 4028 556 4095 28,
576 4028 615 4080 17.
631 4057 664 4066 -
717 4031 778 4081 nach
792 4028 890 4083 Gallica
903 4030 1047 4094 gekommen
1060 4033 1115 4082 sein
1128 4032 1184 4083 5511.
