2566 4576
117 327 181 391 2⁰6
343 325 411 377 butt
428 323 945 390 GMfflMthXXEM-b‘l

117 480 187 542 ciris
206 481 236 542 in
256 479 607 560 pretioesoennluerint,
625 478 845 558 elareprulessi
866 477 1037 540 nesenari
1056 478 1173 556 quidem

117 564 603 629 hominemlasessetuerioeusa

295 903 372 964 BER
393 903 615 966 uutsuuan'z
638 903 745 980 (xxu,
761 901 791 975 3,
807 901 930 974 4-6,
945 902 995 974 6).

82 1038 98 1088 s
202 1021 318 1082 Corona
339 1021 456 1101 qandnn
481 1022 560 1084 nulla
584 1023 639 1084 tuit
663 1021 811 1100 graminea
828 1018 957 1081 nobdior
973 1020 1007 1080 in
1024 1020 1174 1081 maiestate

119 1107 220 1186 populi
239 1114 382 1168 terrarum
395 1107 537 1188 principis
551 1106 746 1186 praemiisque
760 1105 882 1184 gloriae3
901 1113 1066 1184 gemmatae
1080 1113 1111 1166 et
1123 1124 1173 1167 au·

119 1209 198 1265 reae,
213 1191 344 1264 vallum,
359 1192 500 1266 murales,
513 1200 668 1265 rostratae,
682 1191 797 1264 civicae,
810 1190 1002 1270 triumphales
1016 1198 1089 1268 post
1101 1191 1175 1251 hane

118 1279 199 1337 tuere
222 1284 350 1355 suntque
372 1285 493 1339 ornatae
517 1295 624 1356 magno
647 1275 796 1338 intervallo
820 1293 982 1354 magnaque
1000 1275 1175 1336 dillerentia:

120 1369 228 1422 mteras
243 1379 348 1421 omnes
362 1360 468 1441 singuli
483 1370 513 1424 et
526 1362 616 1424 duces
631 1361 688 1441 ipsi
702 1362 953 1439 imperatoresque
967 1359 1112 1421 militibus
1126 1367 1174 1420 aut

83 1463 97 1512 7
119 1446 273 1526 aliquando
299 1446 417 1525 collegis
442 1447 559 1521 dedere,
584 1446 766 1508 decrevit-in
789 1445 947 1524 triumphis
967 1453 1090 1505 senatus
1109 1462 1175 1506 tarra

119 1531 185 1592 belli
200 1531 314 1592 solutus
329 1540 358 1592 et
372 1531 500 1611 populus
515 1533 646 1606 otiosus3
664 1530 812 1610 graminea
825 1547 986 1608 numquam
1000 1529 1062 1590 nisi
1077 1529 1110 1590 in
1125 1530 1173 1590 de·

119 1617 285 1694 speratione
299 1635 437 1696 suprema
451 1617 585 1696 enough,
604 1616 676 1678 nulli
689 1616 746 1676 nisi
766 1615 802 1676 ab
816 1614 953 1676 universo
968 1614 1098 1674 exercitu
1113 1633 1173 1674 ser·

119 1708 183 1761 vato
199 1701 322 1763 decreta
348 1702 464 1763 Ceteras
479 1702 672 1781 imperatores
686 1701 805 1774 dedere,
818 1700 894 1760 hane
907 1699 1001 1760 solam
1016 1698 1103 1760 miles
1119 1699 1173 1760 im·

120 1787 261 1864 preratori3
281 1787 381 1847 eadem
396 1794 517 1848 vocatur
532 1785 734 1857 obsidionalis,
749 1783 876 1845 liberatis
892 1783 1047 1845 obsidione
1062 1783 1173 1845 abomi-

83 1887 99 1937 tt
120 1871 276 1951 nandoque
294 1871 372 1932 exitu
391 1872 461 1932 totis
480 1872 593 1933 eastris.
623 1869 710 1944 Quod
729 1870 754 1930 si
770 1869 875 1930 oivieae
888 1869 987 1929 honos
1001 1886 1064 1929 uun
1079 1869 1172 1947 aliquo

119 1974 153 2015 ae
171 1955 214 2016 vel
229 1955 391 2017 humillimo
406 1956 467 2016 eive
483 1964 596 2017 servato
610 1955 779 2036 praeclarus
794 1972 932 2033 sacerque
945 1952 1086 2026 hahetur,
1106 1953 1173 2033 quid

120 2039 235 2100 tandem
255 2039 413 2100 existimari
427 2040 514 2101 debet
527 2042 614 2103 unius
629 2040 733 2102 virtute
748 2047 878 2100 servatus
892 2038 1051 2100 universus
1066 2037 1173 2100 exerui

119 2121 189 2183 tus?
208 2122 336 2185 [labatur
350 2125 422 2186 haee
435 2124 533 2186 viridis
548 2144 564 2185 e
578 2125 709 2204 gramine
724 2124 860 2203 decerpto
874 2123 953 2198 inde,
967 2122 1020 2183 ubi
1035 2122 1173 2185 obsessos

120 2215 263 2268 servasset
276 2207 390 2288 aliquis.
412 2209 543 2289 Namque
556 2228 707 2271 summum
718 2208 796 2288 apud
808 2209 943 2288 antiquos
955 2207 1074 2287 signum
1084 2208 1173 2270 vieto-

120 2291 179 2352 riae
198 2300 259 2353 erat
279 2292 397 2354 herbam
418 2294 568 2374 porrigere
587 2295 693 2368 victos,
713 2295 773 2355 hoe
791 2302 837 2355 est
855 2301 933 2354 terra
952 2301 981 2354 et
999 2293 1100 2354 altrice
1114 2294 1174 2372 ipsa

121 2378 210 2437 humo
231 2385 260 2438 et
273 2378 443 2439 humatione
457 2379 544 2442 etiam
559 2381 674 2454 cedere,
693 2397 781 2459 quem
795 2397 911 2439 morem
926 2377 1011 2438 etiam
1026 2396 1109 2440 nune
1123 2379 1173 2440 du-

83 2478 98 2528 9
120 2480 184 2523 rare
209 2464 287 2543 apud
307 2463 471 2527 Germanos
490 2465 561 2526 seio.
591 2465 721 2527 Donatus
741 2471 785 2524 est
803 2482 836 2524 ea
855 2462 887 2522 L.
903 2462 1015 2524 Siccius
1035 2463 1173 2525 uenum

119 2549 222 2621 semel,
254 2567 290 2610 cu
353 2548 458 2611 civicas
489 2550 710 2630 quatuordeeim
739 2547 896 2610 meruisset
924 2547 1174 2628 depugnassetque

119 2633 194 2695 CXX
213 2653 269 2714 pro
297 2634 332 2695 iis
355 2653 472 2715 semper
488 2637 593 2707 vietor3
612 2643 692 2698 tanto
712 2632 807 2695 rarius
827 2642 872 2693 est
890 2641 1071 2694 servatorem
1084 2651 1174 2695 unum

119 2738 134 2780 a
155 2720 275 2781 servatis
295 2720 405 2781 donari.
437 2721 561 2794 Quidam
579 2720 771 2801 imperatores
793 2725 821 2778 et
841 2718 957 2796 saepius
979 2719 1082 2779 donati
1101 2725 1175 2791 sunt,

120 2803 205 2866 veluti
219 2804 252 2865 P.
265 2805 370 2866 Decius
384 2803 448 2866 llus
468 2805 603 2867 tribunus
622 2805 748 2868 militum
762 2803 799 2866 ab
814 2803 954 2878 eruditu,
974 2803 1064 2864 altera
1078 2803 1116 2865 ab
1130 2803 1173 2864 his

154 3022 177 3071 6.
195 3025 256 3088 post
277 3022 309 3071 im
326 3020 412 3083 llunge
429 3022 479 3071 und
495 3021 621 3074 Ansehen,
674 3022 1065 3088 hmurmnnohilemsaet'ehuot.

119 3117 152 3126 -
175 3087 444 3151 suut-intervallo,
472 3089 509 3139 sie
533 3091 621 3141 steben
709 3092 814 3141 herbum
829 3119 864 3128 -
879 3093 977 3155 edutos,
996 3089 1050 3155 s,3
1067 3093 1118 3142 und
1136 3090 1173 3141 ll.

118 3156 179 3207 weit
191 3155 354 3207 hinteribnen
364 3155 468 3219 anthol,
478 3157 526 3207 wie
535 3156 576 3220 2³,
588 3157 620 3208 36
674 3157 751 3208 Darin
768 3159 810 3223 lag
827 3159 870 3209 des
885 3157 1102 3224 Anerkenntniss‚
1120 3160 1174 3210 daus

118 3226 150 3276 ab
166 3225 205 3275 Ιώ
220 3240 271 3277 non
287 3239 382 3291 rmgno
397 3224 529 3277 interuallo
545 3226 621 3291 qfue-
675 3226 739 3276 ohne
755 3227 795 3276 die
811 3225 886 3276 lliille
907 3228 952 3277 des
970 3225 1117 3278 Gelrdnten
1137 3227 1175 3278 die

118 3295 179 3345 rieul.
673 3294 824 3358 Belagerten
837 3295 893 3344 dem
904 3293 1077 3345 FeindeGras
1090 3297 1175 3346 tritten

152 3361 176 3412 l.
196 3360 309 3427 eodegn's,
326 3376 349 3410 a.
361 3359 388 3410 B.
406 3361 446 3411 ein
459 3360 553 3411 Consul
564 3363 620 3413 dem
674 3363 820 3414 darreichen
831 3363 940 3413 miissen.

117 3432 220 3494 andorn,
232 3445 305 3480 wenn
318 3428 390 3478 heide
403 3445 435 3480 au
445 3429 524 3480 Felde
536 3430 618 3494 lagen.
708 3430 732 3480 9.
751 3435 919 3498 imperatores
931 3431 1101 3494 uneigentlieh
1114 3437 1176 3482 statt

116 3529 151 3537 —
163 3501 274 3564 otiosus,
297 3512 369 3547 wenn
391 3513 419 3547 es
439 3513 497 3548 vom
516 3496 620 3563 liriegs·
674 3499 760 3563 dueee,
771 3500 834 3549 denn
845 3498 1120 3567 imp.,Feldherr‚wor
1127 3498 1175 3549 De·

118 3569 201 3619 dienst
213 3566 305 3617 belreit
317 3581 377 3616 wur.
400 3593 433 3602 -
458 3568 541 3631 snitu,
555 3566 618 3630 Tod,
673 3568 727 3618 eius
739 3567 815 3617 nieht.

118 3636 262 3700 Untergang
273 3634 321 3684 wie
334 3633 358 3699 8,
373 3633 433 3697 197,
451 3635 565 3685 seltener
578 3634 617 3686 uls
708 3634 746 3686 10.
764 3636 804 3685 lu's
820 3635 932 3685 seltener
943 3634 981 3684 uls
993 3637 1038 3699 iis,
1057 3636 1104 3685 das
1120 3649 1175 3684 man

117 3707 206 3754 eadum
549 3744 552 3749 .
672 3704 808 3754 voraieheu
821 3703 932 3764 mdehte;
949 3703 1068 3753 indessen
1080 3702 1177 3752 seheint

152 3771 176 3822 8.
206 3770 266 3822 indo
285 3797 319 3807 —
341 3770 442 3838 uliquis.
478 3771 509 3821 14
534 3770 619 3822 nullam
671 3770 709 3823 Pl
729 3770 862 3822 mehrmuls
884 3770 925 3820 lu‘e
947 3774 992 3836 qui
1005 3773 1069 3821 euch
1093 3772 1125 3821 de
1144 3785 1176 3819 zu

117 3841 210 3890 hubae
217 3840 302 3905 suere
316 3845 402 3892 certae
416 3841 444 3890 in
456 3839 503 3890 lroe
514 3839 616 3904 honore,
672 3846 771 3902 setaen,
793 3855 833 3888 wo
850 3838 908 3888 lein
923 3838 1078 3889 besonderer
1095 3837 1176 3889 Nach-

116 3907 162 3960 soa
172 3909 461 3975 quueoumqnefuorenl
474 3909 503 3958 in
512 3907 621 3975 perieuli
672 3906 750 3958 druch
766 3906 859 3956 durani
871 3907 930 3956 ruht
950 3909 1012 3957 oder
1029 3915 1109 3958 etwas
1124 3905 1175 3958 Ni-

117 3975 176 4029 rode
192 3980 305 4045 quomedo
326 3977 450 4043 ignobile
465 3977 618 4044 motaeque
671 3976 745 4026 hores
758 3974 905 4025 bezeichnet
915 3975 987 4026 wird.
