<?xml version="1.0" encoding="UTF-8"?>
<!DOCTYPE html PUBLIC "-//W3C//DTD XHTML 1.0 Transitional//EN"
    "http://www.w3.org/TR/xhtml1/DTD/xhtml1-transitional.dtd">
<html xmlns="http://www.w3.org/1999/xhtml" xml:lang="en" lang="en">
 <head>
  <title>
</title>
<meta http-equiv="Content-Type" content="text/html;charset=utf-8" />
  <meta name='ocr-system' content='tesseract 3.04.00' />
  <meta name='ocr-capabilities' content='ocr_page ocr_carea ocr_par ocr_line ocrx_word'/>
</head>
<body>
  <div class='ocr_page' id='page_1' title='image "./chrestomathiapl00urligoog_0120.png"; bbox 0 0 2566 4576; ppageno 0'>
   <div class='ocr_carea' id='block_1_1' title="bbox 167 281 968 392">
    <p class='ocr_par' dir='ltr' id='par_1_1' title="bbox 167 281 968 392">
     <span class='ocr_line' id='line_1_1' title="bbox 167 281 968 392; baseline 0.002 -16"><span class='ocrx_word' id='word_1_1' title='bbox 167 329 208 392; x_wconf 75' lang='lat'>92</span> <span class='ocrx_word' id='word_1_2' title='bbox 355 281 362 293; x_wconf 76' lang='grc'><strong>’</strong></span> <span class='ocrx_word' id='word_1_3' title='bbox 418 323 968 392; x_wconf 66' lang='grc' dir='ltr'><strong><em>οοοοοοοοοοοοιο,ο,ι-ο,ο).</em></strong></span> 
     </span>
    </p>
   </div>
   <div class='ocr_carea' id='block_1_2' title="bbox 90 479 1230 2513">
    <p class='ocr_par' dir='ltr' id='par_1_2' title="bbox 116 479 1230 1391">
     <span class='ocr_line' id='line_1_2' title="bbox 116 479 1230 559; baseline 0.004 -19"><span class='ocrx_word' id='word_1_4' title='bbox 116 489 147 540; x_wconf 85' lang='lat'>10</span> <span class='ocrx_word' id='word_1_5' title='bbox 166 481 246 543; x_wconf 87' lang='lat' dir='ltr'>virus</span> <span class='ocrx_word' id='word_1_6' title='bbox 264 480 334 541; x_wconf 89' lang='lat' dir='ltr'>illud</span> <span class='ocrx_word' id='word_1_7' title='bbox 349 480 460 542; x_wconf 88' lang='lat' dir='ltr'>maiore</span> <span class='ocrx_word' id='word_1_8' title='bbox 478 499 514 541; x_wconf 92' lang='lat' dir='ltr'>ex</span> <span class='ocrx_word' id='word_1_9' title='bbox 527 488 610 559; x_wconf 87' lang='lat' dir='ltr'>parte</span> <span class='ocrx_word' id='word_1_10' title='bbox 626 497 666 541; x_wconf 91' lang='lat' dir='ltr'>ne</span> <span class='ocrx_word' id='word_1_11' title='bbox 678 479 827 541; x_wconf 88' lang='lat' dir='ltr'>nudorum</span> <span class='ocrx_word' id='word_1_12' title='bbox 845 479 963 559; x_wconf 86' lang='lat' dir='ltr'>quidem</span> <span class='ocrx_word' id='word_1_13' title='bbox 982 480 1103 558; x_wconf 88' lang='lat' dir='ltr'>pedum.</span> <span class='ocrx_word' id='word_1_14' title='bbox 1134 480 1189 544; x_wconf 91' lang='lat' dir='ltr'>Sic</span> <span class='ocrx_word' id='word_1_15' title='bbox 1200 490 1230 545; x_wconf 88' lang='lat' dir='ltr'>et</span> 
     </span>
     <span class='ocr_line' id='line_1_3' title="bbox 165 564 1230 646; baseline 0.001 -20"><span class='ocrx_word' id='word_1_16' title='bbox 165 566 248 645; x_wconf 86' lang='lat' dir='ltr'>tigris</span> <span class='ocrx_word' id='word_1_17' title='bbox 263 565 348 626; x_wconf 90' lang='lat' dir='ltr'>etiam</span> <span class='ocrx_word' id='word_1_18' title='bbox 363 565 433 626; x_wconf 81' lang='lat' dir='ltr'>feris</span> <span class='ocrx_word' id='word_1_19' title='bbox 447 564 550 627; x_wconf 87' lang='lat' dir='ltr'>ceteris</span> <span class='ocrx_word' id='word_1_20' title='bbox 565 565 726 627; x_wconf 91' lang='lat' dir='ltr'>truculenta</span> <span class='ocrx_word' id='word_1_21' title='bbox 740 572 826 644; x_wconf 82' lang='lat' dir='ltr'>atque</span> <span class='ocrx_word' id='word_1_22' title='bbox 835 565 900 644; x_wconf 91' lang='lat' dir='ltr'>ipsa</span> <span class='ocrx_word' id='word_1_23' title='bbox 910 565 1096 644; x_wconf 78' lang='lat' dir='ltr'>elephantem</span> <span class='ocrx_word' id='word_1_24' title='bbox 1107 584 1230 646; x_wconf 82' lang='lat' dir='ltr'>quoque</span> 
     </span>
     <span class='ocr_line' id='line_1_4' title="bbox 166 649 1228 731; baseline 0.002 -19"><span class='ocrx_word' id='word_1_25' title='bbox 166 668 308 731; x_wconf 88' lang='lat' dir='ltr'>spernens</span> <span class='ocrx_word' id='word_1_26' title='bbox 323 649 444 729; x_wconf 85' lang='lat' dir='ltr'>vestigio</span> <span class='ocrx_word' id='word_1_27' title='bbox 455 649 584 711; x_wconf 92' lang='lat' dir='ltr'>hominis</span> <span class='ocrx_word' id='word_1_28' title='bbox 598 651 662 710; x_wconf 85' lang='lat' dir='ltr'>riso</span> <span class='ocrx_word' id='word_1_29' title='bbox 675 651 829 711; x_wconf 86' lang='lat' dir='ltr'>transferre</span> <span class='ocrx_word' id='word_1_30' title='bbox 840 649 945 711; x_wconf 88' lang='lat' dir='ltr'>dicitur</span> <span class='ocrx_word' id='word_1_31' title='bbox 955 651 1092 730; x_wconf 86' lang='lat' dir='ltr'>protinus</span> <span class='ocrx_word' id='word_1_32' title='bbox 1104 651 1228 728; x_wconf 89' lang='lat' dir='ltr'>catulos,</span> 
     </span>
     <span class='ocr_line' id='line_1_5' title="bbox 166 731 1225 816; baseline 0.001 -19"><span class='ocrx_word' id='word_1_33' title='bbox 166 754 295 816; x_wconf 86' lang='lat' dir='ltr'>quonam</span> <span class='ocrx_word' id='word_1_34' title='bbox 309 736 400 796; x_wconf 93' lang='lat' dir='ltr'>modo</span> <span class='ocrx_word' id='word_1_35' title='bbox 414 731 536 814; x_wconf 76' lang='lat' dir='ltr'>agnito?</span> <span class='ocrx_word' id='word_1_36' title='bbox 550 735 600 796; x_wconf 91' lang='lat' dir='ltr'>ubi</span> <span class='ocrx_word' id='word_1_37' title='bbox 614 745 681 796; x_wconf 86' lang='lat' dir='ltr'>ante</span> <span class='ocrx_word' id='word_1_38' title='bbox 695 741 854 815; x_wconf 87' lang='lat' dir='ltr'>conspecto</span> <span class='ocrx_word' id='word_1_39' title='bbox 870 734 917 795; x_wconf 92' lang='lat' dir='ltr'>illo</span> <span class='ocrx_word' id='word_1_40' title='bbox 934 755 1021 815; x_wconf 88' lang='lat' dir='ltr'>quem</span> <span class='ocrx_word' id='word_1_41' title='bbox 1032 733 1139 797; x_wconf 77' lang='lat' dir='ltr'>timet?</span> <span class='ocrx_word' id='word_1_42' title='bbox 1155 736 1225 798; x_wconf 85' lang='lat' dir='ltr'>Ete-</span> 
     </span>
     <span class='ocr_line' id='line_1_6' title="bbox 164 819 1225 900; baseline 0.002 -17"><span class='ocrx_word' id='word_1_43' title='bbox 164 821 227 883; x_wconf 88' lang='lat' dir='ltr'>nim</span> <span class='ocrx_word' id='word_1_44' title='bbox 241 821 313 882; x_wconf 88' lang='lat' dir='ltr'>tales</span> <span class='ocrx_word' id='word_1_45' title='bbox 328 820 414 881; x_wconf 90' lang='lat' dir='ltr'>silvas</span> <span class='ocrx_word' id='word_1_46' title='bbox 434 819 556 882; x_wconf 91' lang='lat' dir='ltr'>minime</span> <span class='ocrx_word' id='word_1_47' title='bbox 570 819 879 900; x_wconf 77' lang='lat' dir='ltr'>frequentari&#39;certum</span> <span class='ocrx_word' id='word_1_48' title='bbox 899 827 951 881; x_wconf 80' lang='lat' dir='ltr'>est.</span> <span class='ocrx_word' id='word_1_49' title='bbox 983 819 1060 881; x_wconf 87' lang='lat' dir='ltr'>Sane</span> <span class='ocrx_word' id='word_1_50' title='bbox 1079 821 1225 885; x_wconf 81' lang='lat' dir='ltr'><strong>mirentur</strong></span> 
     </span>
     <span class='ocr_line' id='line_1_7' title="bbox 164 903 1223 986; baseline 0.003 -20"><span class='ocrx_word' id='word_1_51' title='bbox 164 905 260 986; x_wconf 82' lang='lat' dir='ltr'>ipsam</span> <span class='ocrx_word' id='word_1_52' title='bbox 277 904 391 983; x_wconf 79' lang='lat' dir='ltr'>vestigii</span> <span class='ocrx_word' id='word_1_53' title='bbox 409 905 569 967; x_wconf 84' lang='lat' dir='ltr'>raritatem:</span> <span class='ocrx_word' id='word_1_54' title='bbox 591 905 642 966; x_wconf 88' lang='lat' dir='ltr'>sed</span> <span class='ocrx_word' id='word_1_55' title='bbox 664 905 741 966; x_wconf 91' lang='lat' dir='ltr'>unde</span> <span class='ocrx_word' id='word_1_56' title='bbox 760 904 857 966; x_wconf 90' lang='lat' dir='ltr'>sciunt</span> <span class='ocrx_word' id='word_1_57' title='bbox 875 905 998 966; x_wconf 91' lang='lat' dir='ltr'>timendi</span> <span class='ocrx_word' id='word_1_58' title='bbox 1017 903 1104 967; x_wconf 76' lang='lat' dir='ltr'>esse?</span> <span class='ocrx_word' id='word_1_59' title='bbox 1130 905 1223 969; x_wconf 92' lang='lat' dir='ltr'>immo</span> 
     </span>
     <span class='ocr_line' id='line_1_8' title="bbox 165 989 1223 1070; baseline 0.001 -19"><span class='ocrx_word' id='word_1_60' title='bbox 165 1008 234 1051; x_wconf 85' lang='lat' dir='ltr'>vero</span> <span class='ocrx_word' id='word_1_61' title='bbox 252 1007 304 1050; x_wconf 91' lang='lat' dir='ltr'>cur</span> <span class='ocrx_word' id='word_1_62' title='bbox 317 990 361 1050; x_wconf 85' lang='lat' dir='ltr'>vel</span> <span class='ocrx_word' id='word_1_63' title='bbox 375 990 467 1069; x_wconf 88' lang='lat' dir='ltr'>ipsius</span> <span class='ocrx_word' id='word_1_64' title='bbox 483 996 674 1070; x_wconf 81' lang='lat' dir='ltr'>conspectum</span> <span class='ocrx_word' id='word_1_65' title='bbox 692 997 815 1070; x_wconf 83' lang='lat' dir='ltr'>paveant</span> <span class='ocrx_word' id='word_1_66' title='bbox 828 997 910 1051; x_wconf 92' lang='lat' dir='ltr'>tanto</span> <span class='ocrx_word' id='word_1_67' title='bbox 930 989 1054 1064; x_wconf 88' lang='lat' dir='ltr'>viribus,</span> <span class='ocrx_word' id='word_1_68' title='bbox 1073 991 1223 1070; x_wconf 86' lang='lat' dir='ltr'>maguitu-</span> 
     </span>
     <span class='ocr_line' id='line_1_9' title="bbox 165 1071 1224 1154; baseline 0.001 -18"><span class='ocrx_word' id='word_1_69' title='bbox 165 1075 241 1149; x_wconf 86' lang='lat' dir='ltr'>dino,</span> <span class='ocrx_word' id='word_1_70' title='bbox 254 1074 403 1135; x_wconf 88' lang='lat' dir='ltr'>velocitate</span> <span class='ocrx_word' id='word_1_71' title='bbox 417 1071 669 1154; x_wconf 72' lang='lat' dir='ltr'>praestantiores?</span> <span class='ocrx_word' id='word_1_72' title='bbox 693 1074 837 1136; x_wconf 85' lang='lat' dir='ltr'>Nimirum</span> <span class='ocrx_word' id='word_1_73' title='bbox 852 1075 924 1136; x_wconf 89' lang='lat' dir='ltr'>haec</span> <span class='ocrx_word' id='word_1_74' title='bbox 937 1085 983 1136; x_wconf 88' lang='lat' dir='ltr'>est</span> <span class='ocrx_word' id='word_1_75' title='bbox 996 1083 1101 1137; x_wconf 92' lang='lat' dir='ltr'>natura</span> <span class='ocrx_word' id='word_1_76' title='bbox 1116 1094 1224 1153; x_wconf 86' lang='lat' dir='ltr'>rerum,</span> 
     </span>
     <span class='ocr_line' id='line_1_10' title="bbox 164 1158 1225 1240; baseline 0.002 -18"><span class='ocrx_word' id='word_1_77' title='bbox 164 1161 236 1222; x_wconf 84' lang='lat' dir='ltr'>haec</span> <span class='ocrx_word' id='word_1_78' title='bbox 250 1160 379 1239; x_wconf 83' lang='lat' dir='ltr'>potentia</span> <span class='ocrx_word' id='word_1_79' title='bbox 399 1160 473 1234; x_wconf 90' lang='lat' dir='ltr'>cius,</span> <span class='ocrx_word' id='word_1_80' title='bbox 493 1159 677 1222; x_wconf 86' lang='lat' dir='ltr'>saevissimas</span> <span class='ocrx_word' id='word_1_81' title='bbox 696 1159 826 1221; x_wconf 81' lang='lat' dir='ltr'>terarum</span> <span class='ocrx_word' id='word_1_82' title='bbox 843 1158 1042 1240; x_wconf 86' lang='lat' dir='ltr'>maximasque</span> <span class='ocrx_word' id='word_1_83' title='bbox 1060 1176 1225 1240; x_wconf 77' lang='lat' dir='ltr'>numquam</span> 
     </span>
     <span class='ocr_line' id='line_1_11' title="bbox 164 1244 1222 1324; baseline 0.004 -20"><span class='ocrx_word' id='word_1_84' title='bbox 164 1244 272 1305; x_wconf 87' lang='lat' dir='ltr'>vidisse</span> <span class='ocrx_word' id='word_1_85' title='bbox 287 1245 366 1324; x_wconf 86' lang='lat' dir='ltr'>quod</span> <span class='ocrx_word' id='word_1_86' title='bbox 380 1245 502 1307; x_wconf 90' lang='lat' dir='ltr'>debeant</span> <span class='ocrx_word' id='word_1_87' title='bbox 515 1245 619 1306; x_wconf 89' lang='lat' dir='ltr'>timere</span> <span class='ocrx_word' id='word_1_88' title='bbox 633 1252 663 1306; x_wconf 91' lang='lat' dir='ltr'>et</span> <span class='ocrx_word' id='word_1_89' title='bbox 682 1245 779 1307; x_wconf 88' lang='lat' dir='ltr'>statim</span> <span class='ocrx_word' id='word_1_90' title='bbox 798 1245 955 1324; x_wconf 89' lang='lat' dir='ltr'>intelligere</span> <span class='ocrx_word' id='word_1_91' title='bbox 970 1263 1038 1306; x_wconf 90' lang='lat' dir='ltr'>cum</span> <span class='ocrx_word' id='word_1_92' title='bbox 1058 1245 1096 1306; x_wconf 90' lang='lat' dir='ltr'>sit</span> <span class='ocrx_word' id='word_1_93' title='bbox 1115 1245 1222 1308; x_wconf 85' lang='lat' dir='ltr'>timen-</span> 
     </span>
     <span class='ocr_line' id='line_1_12' title="bbox 167 1329 247 1391; baseline 0.025 -2"><span class='ocrx_word' id='word_1_94' title='bbox 167 1329 247 1391; x_wconf 91' lang='lat' dir='ltr'>dum.</span> 
     </span>
    </p>

    <p class='ocr_par' dir='ltr' id='par_1_3' title="bbox 90 1414 1225 2004">
     <span class='ocr_line' id='line_1_13' title="bbox 90 1414 1225 1495; baseline 0.001 -19"><span class='ocrx_word' id='word_1_95' title='bbox 90 1416 143 1485; x_wconf 56' lang='lat'>111</span> <span class='ocrx_word' id='word_1_96' title='bbox 249 1414 402 1494; x_wconf 84' lang='lat' dir='ltr'>Elephanti</span> <span class='ocrx_word' id='word_1_97' title='bbox 417 1415 556 1494; x_wconf 80' lang='lat' dir='ltr'>gregatim</span> <span class='ocrx_word' id='word_1_98' title='bbox 571 1433 688 1495; x_wconf 85' lang='lat' dir='ltr'>semper</span> <span class='ocrx_word' id='word_1_99' title='bbox 702 1414 913 1493; x_wconf 90' lang='lat' dir='ltr'>ingrediuntur.</span> <span class='ocrx_word' id='word_1_100' title='bbox 939 1414 1024 1476; x_wconf 87' lang='lat' dir='ltr'>Ducit</span> <span class='ocrx_word' id='word_1_101' title='bbox 1038 1432 1147 1493; x_wconf 88' lang='lat' dir='ltr'>agmen</span> <span class='ocrx_word' id='word_1_102' title='bbox 1159 1433 1225 1477; x_wconf 92' lang='lat' dir='ltr'>ma-</span> 
     </span>
     <span class='ocr_line' id='line_1_14' title="bbox 164 1498 1223 1578; baseline 0.001 -18"><span class='ocrx_word' id='word_1_103' title='bbox 164 1499 261 1560; x_wconf 80' lang='lat' dir='ltr'>ximus</span> <span class='ocrx_word' id='word_1_104' title='bbox 281 1507 364 1574; x_wconf 85' lang='lat' dir='ltr'>natu,</span> <span class='ocrx_word' id='word_1_105' title='bbox 386 1500 463 1578; x_wconf 92' lang='lat' dir='ltr'>cogit</span> <span class='ocrx_word' id='word_1_106' title='bbox 482 1508 573 1561; x_wconf 87' lang='lat' dir='ltr'>aetate</span> <span class='ocrx_word' id='word_1_107' title='bbox 590 1499 758 1578; x_wconf 63' lang='lat' dir='ltr'>proximum</span> <span class='ocrx_word' id='word_1_108' title='bbox 777 1516 893 1562; x_wconf 87' lang='lat' dir='ltr'>amnem</span> <span class='ocrx_word' id='word_1_109' title='bbox 913 1498 1064 1561; x_wconf 89' lang='lat' dir='ltr'>transituri</span> <span class='ocrx_word' id='word_1_110' title='bbox 1083 1499 1223 1561; x_wconf 85' lang='lat' dir='ltr'>minimos</span> 
     </span>
     <span class='ocr_line' id='line_1_15' title="bbox 164 1583 1223 1664; baseline 0 -18"><span class='ocrx_word' id='word_1_111' title='bbox 164 1583 365 1664; x_wconf 88' lang='lat' dir='ltr'>praemittunt,</span> <span class='ocrx_word' id='word_1_112' title='bbox 383 1602 422 1646; x_wconf 88' lang='lat' dir='ltr'>ne</span> <span class='ocrx_word' id='word_1_113' title='bbox 435 1585 577 1646; x_wconf 90' lang='lat' dir='ltr'>maiorem</span> <span class='ocrx_word' id='word_1_114' title='bbox 592 1584 727 1664; x_wconf 88' lang='lat' dir='ltr'>ingressu</span> <span class='ocrx_word' id='word_1_115' title='bbox 747 1592 885 1646; x_wconf 84' lang='lat' dir='ltr'>atterente</span> <span class='ocrx_word' id='word_1_116' title='bbox 899 1584 1011 1645; x_wconf 87' lang='lat' dir='ltr'>alveum</span> <span class='ocrx_word' id='word_1_117' title='bbox 1027 1593 1140 1646; x_wconf 86' lang='lat' dir='ltr'>crescat</span> <span class='ocrx_word' id='word_1_118' title='bbox 1154 1602 1223 1663; x_wconf 86' lang='lat' dir='ltr'>gur·</span> 
     </span>
     <span class='ocr_line' id='line_1_16' title="bbox 165 1668 1223 1749; baseline 0.001 -19"><span class='ocrx_word' id='word_1_119' title='bbox 165 1669 216 1748; x_wconf 90' lang='lat' dir='ltr'>giti</span> <span class='ocrx_word' id='word_1_120' title='bbox 231 1669 361 1731; x_wconf 90' lang='lat' dir='ltr'>altitudo.</span> <span class='ocrx_word' id='word_1_121' title='bbox 390 1669 542 1749; x_wconf 81' lang='lat' dir='ltr'>Antipater</span> <span class='ocrx_word' id='word_1_122' title='bbox 556 1678 659 1731; x_wconf 87' lang='lat' dir='ltr'>auctor</span> <span class='ocrx_word' id='word_1_123' title='bbox 677 1677 723 1730; x_wconf 90' lang='lat' dir='ltr'>est</span> <span class='ocrx_word' id='word_1_124' title='bbox 737 1669 813 1731; x_wconf 88' lang='lat' dir='ltr'>duos</span> <span class='ocrx_word' id='word_1_125' title='bbox 827 1669 974 1730; x_wconf 82' lang='lat' dir='ltr'>Antiocho</span> <span class='ocrx_word' id='word_1_126' title='bbox 992 1668 1054 1747; x_wconf 90' lang='lat' dir='ltr'>regi</span> <span class='ocrx_word' id='word_1_127' title='bbox 1068 1669 1099 1729; x_wconf 92' lang='lat' dir='ltr'>in</span> <span class='ocrx_word' id='word_1_128' title='bbox 1114 1669 1223 1731; x_wconf 87' lang='lat' dir='ltr'>bellicis</span> 
     </span>
     <span class='ocr_line' id='line_1_17' title="bbox 164 1753 1223 1834; baseline 0.002 -19"><span class='ocrx_word' id='word_1_129' title='bbox 164 1754 268 1816; x_wconf 90' lang='lat' dir='ltr'>usibus</span> <span class='ocrx_word' id='word_1_130' title='bbox 295 1754 420 1815; x_wconf 88' lang='lat' dir='ltr'>celebres</span> <span class='ocrx_word' id='word_1_131' title='bbox 440 1755 527 1816; x_wconf 88' lang='lat' dir='ltr'>etiam</span> <span class='ocrx_word' id='word_1_132' title='bbox 553 1753 776 1834; x_wconf 84' lang='lat' dir='ltr'>cognominibus</span> <span class='ocrx_word' id='word_1_133' title='bbox 796 1755 902 1828; x_wconf 81' lang='lat' dir='ltr'>fuisse3</span> <span class='ocrx_word' id='word_1_134' title='bbox 926 1754 1033 1815; x_wconf 87' lang='lat' dir='ltr'>etenim</span> <span class='ocrx_word' id='word_1_135' title='bbox 1052 1771 1164 1816; x_wconf 85' lang='lat' dir='ltr'>novere</span> <span class='ocrx_word' id='word_1_136' title='bbox 1181 1774 1223 1817; x_wconf 79' lang='lat' dir='ltr'>ea</span> 
     </span>
     <span class='ocr_line' id='line_1_18' title="bbox 166 1839 1224 1920; baseline 0.001 -19"><span class='ocrx_word' id='word_1_137' title='bbox 166 1840 249 1901; x_wconf 85' lang='lat' dir='ltr'>Certe</span> <span class='ocrx_word' id='word_1_138' title='bbox 263 1839 347 1912; x_wconf 84' lang='lat' dir='ltr'>Cato,</span> <span class='ocrx_word' id='word_1_139' title='bbox 368 1858 433 1900; x_wconf 93' lang='lat' dir='ltr'>oum</span> <span class='ocrx_word' id='word_1_140' title='bbox 448 1840 660 1920; x_wconf 91' lang='lat' dir='ltr'>imperatorum</span> <span class='ocrx_word' id='word_1_141' title='bbox 674 1839 795 1900; x_wconf 91' lang='lat' dir='ltr'>nomina</span> <span class='ocrx_word' id='word_1_142' title='bbox 808 1839 959 1900; x_wconf 85' lang='lat' dir='ltr'>annalibus</span> <span class='ocrx_word' id='word_1_143' title='bbox 974 1839 1143 1912; x_wconf 84' lang='lat' dir='ltr'>detraxerit,</span> <span class='ocrx_word' id='word_1_144' title='bbox 1157 1858 1224 1902; x_wconf 89' lang='lat' dir='ltr'>eum</span> 
     </span>
     <span class='ocr_line' id='line_1_19' title="bbox 166 1922 1223 2004; baseline 0.001 -19"><span class='ocrx_word' id='word_1_145' title='bbox 166 1925 216 2004; x_wconf 88' lang='lat' dir='ltr'>qui</span> <span class='ocrx_word' id='word_1_146' title='bbox 231 1922 391 1985; x_wconf 79' lang='lat' dir='ltr'>fortissime</span> <span class='ocrx_word' id='word_1_147' title='bbox 404 1925 563 2003; x_wconf 91' lang='lat' dir='ltr'>proeliatus</span> <span class='ocrx_word' id='word_1_148' title='bbox 578 1932 655 1986; x_wconf 89' lang='lat' dir='ltr'>esset</span> <span class='ocrx_word' id='word_1_149' title='bbox 668 1925 699 1985; x_wconf 92' lang='lat' dir='ltr'>in</span> <span class='ocrx_word' id='word_1_150' title='bbox 714 1924 822 1985; x_wconf 90' lang='lat' dir='ltr'>Punica</span> <span class='ocrx_word' id='word_1_151' title='bbox 839 1924 899 1985; x_wconf 89' lang='lat' dir='ltr'>acie</span> <span class='ocrx_word' id='word_1_152' title='bbox 914 1923 1024 1985; x_wconf 89' lang='lat' dir='ltr'>Surum</span> <span class='ocrx_word' id='word_1_153' title='bbox 1038 1924 1160 1987; x_wconf 87' lang='lat' dir='ltr'>tradidit</span> <span class='ocrx_word' id='word_1_154' title='bbox 1169 1944 1223 1986; x_wconf 86' lang='lat' dir='ltr'>vo·</span> 
     </span>
    </p>

    <p class='ocr_par' dir='ltr' id='par_1_4' title="bbox 115 2007 1226 2513">
     <span class='ocr_line' id='line_1_20' title="bbox 115 2007 1225 2088; baseline 0.006 -24"><span class='ocrx_word' id='word_1_155' title='bbox 115 2015 145 2064; x_wconf 81' lang='lat'>12</span> <span class='ocrx_word' id='word_1_156' title='bbox 166 2016 271 2082; x_wconf 89' lang='lat' dir='ltr'>catum,</span> <span class='ocrx_word' id='word_1_157' title='bbox 285 2008 375 2068; x_wconf 86' lang='lat' dir='ltr'>altero</span> <span class='ocrx_word' id='word_1_158' title='bbox 387 2009 473 2069; x_wconf 91' lang='lat' dir='ltr'>dente</span> <span class='ocrx_word' id='word_1_159' title='bbox 484 2009 625 2071; x_wconf 85' lang='lat' dir='ltr'>mutilato.</span> <span class='ocrx_word' id='word_1_160' title='bbox 650 2007 795 2070; x_wconf 84' lang='lat' dir='ltr'>Antiocho</span> <span class='ocrx_word' id='word_1_161' title='bbox 807 2009 913 2070; x_wconf 86' lang='lat' dir='ltr'>vadum</span> <span class='ocrx_word' id='word_1_162' title='bbox 924 2007 1053 2069; x_wconf 87' lang='lat' dir='ltr'>fluminis</span> <span class='ocrx_word' id='word_1_163' title='bbox 1065 2009 1225 2088; x_wconf 83' lang='lat' dir='ltr'>experienti</span> 
     </span>
     <span class='ocr_line' id='line_1_21' title="bbox 165 2092 1225 2173; baseline 0.003 -21"><span class='ocrx_word' id='word_1_164' title='bbox 165 2093 262 2153; x_wconf 89' lang='lat' dir='ltr'>renuit</span> <span class='ocrx_word' id='word_1_165' title='bbox 276 2092 347 2152; x_wconf 81' lang='lat' dir='ltr'>Aiax</span> <span class='ocrx_word' id='word_1_166' title='bbox 366 2093 473 2172; x_wconf 87' lang='lat' dir='ltr'>alioqui</span> <span class='ocrx_word' id='word_1_167' title='bbox 493 2095 551 2154; x_wconf 92' lang='lat' dir='ltr'>dux</span> <span class='ocrx_word' id='word_1_168' title='bbox 571 2093 694 2172; x_wconf 89' lang='lat' dir='ltr'>agminis</span> <span class='ocrx_word' id='word_1_169' title='bbox 716 2102 874 2173; x_wconf 88' lang='lat' dir='ltr'>repertum.</span> <span class='ocrx_word' id='word_1_170' title='bbox 905 2094 981 2155; x_wconf 87' lang='lat' dir='ltr'>Tum</span> <span class='ocrx_word' id='word_1_171' title='bbox 1000 2094 1225 2171; x_wconf 88' lang='lat' dir='ltr'>pronuntiatum</span> 
     </span>
     <span class='ocr_line' id='line_1_22' title="bbox 167 2176 1226 2258; baseline 0.002 -20"><span class='ocrx_word' id='word_1_172' title='bbox 167 2176 230 2238; x_wconf 89' lang='lat' dir='ltr'>eius</span> <span class='ocrx_word' id='word_1_173' title='bbox 244 2177 308 2238; x_wconf 88' lang='lat' dir='ltr'>fore</span> <span class='ocrx_word' id='word_1_174' title='bbox 321 2177 517 2255; x_wconf 89' lang='lat' dir='ltr'>principatum</span> <span class='ocrx_word' id='word_1_175' title='bbox 532 2177 582 2257; x_wconf 89' lang='lat' dir='ltr'>qui</span> <span class='ocrx_word' id='word_1_176' title='bbox 596 2178 763 2252; x_wconf 89' lang='lat' dir='ltr'>transisset,</span> <span class='ocrx_word' id='word_1_177' title='bbox 780 2197 943 2258; x_wconf 88' lang='lat' dir='ltr'>ausumque</span> <span class='ocrx_word' id='word_1_178' title='bbox 956 2177 1126 2240; x_wconf 89' lang='lat' dir='ltr'>Patroclum</span> <span class='ocrx_word' id='word_1_179' title='bbox 1141 2179 1181 2240; x_wconf 94' lang='lat' dir='ltr'>ob</span> <span class='ocrx_word' id='word_1_180' title='bbox 1194 2179 1226 2240; x_wconf 91' lang='lat' dir='ltr'>id</span> 
     </span>
     <span class='ocr_line' id='line_1_23' title="bbox 165 2261 1226 2343; baseline 0.005 -22"><span class='ocrx_word' id='word_1_181' title='bbox 165 2261 293 2343; x_wconf 87' lang='lat' dir='ltr'>phaleris</span> <span class='ocrx_word' id='word_1_182' title='bbox 308 2262 460 2339; x_wconf 87' lang='lat' dir='ltr'>argenteis,</span> <span class='ocrx_word' id='word_1_183' title='bbox 475 2281 533 2342; x_wconf 83' lang='lat' dir='ltr'>quo</span> <span class='ocrx_word' id='word_1_184' title='bbox 545 2263 670 2324; x_wconf 89' lang='lat' dir='ltr'>maxime</span> <span class='ocrx_word' id='word_1_185' title='bbox 684 2264 818 2341; x_wconf 88' lang='lat' dir='ltr'>gaudent,</span> <span class='ocrx_word' id='word_1_186' title='bbox 833 2271 861 2326; x_wconf 93' lang='lat' dir='ltr'>et</span> <span class='ocrx_word' id='word_1_187' title='bbox 875 2262 987 2343; x_wconf 89' lang='lat' dir='ltr'>reliquo</span> <span class='ocrx_word' id='word_1_188' title='bbox 1003 2263 1084 2323; x_wconf 91' lang='lat' dir='ltr'>omni</span> <span class='ocrx_word' id='word_1_189' title='bbox 1095 2263 1226 2342; x_wconf 76' lang='lat' dir='ltr'>primam</span> 
     </span>
     <span class='ocr_line' id='line_1_24' title="bbox 166 2346 1224 2428; baseline 0.003 -21"><span class='ocrx_word' id='word_1_190' title='bbox 166 2347 291 2408; x_wconf 82' lang='lat' dir='ltr'>donavit.</span> <span class='ocrx_word' id='word_1_191' title='bbox 321 2346 371 2407; x_wconf 88' lang='lat' dir='ltr'>Ille</span> <span class='ocrx_word' id='word_1_192' title='bbox 385 2347 435 2427; x_wconf 90' lang='lat' dir='ltr'>qui</span> <span class='ocrx_word' id='word_1_193' title='bbox 454 2348 609 2410; x_wconf 83' lang='lat' dir='ltr'>notabatur</span> <span class='ocrx_word' id='word_1_194' title='bbox 623 2348 717 2410; x_wconf 90' lang='lat' dir='ltr'>inedia</span> <span class='ocrx_word' id='word_1_195' title='bbox 737 2358 864 2411; x_wconf 83' lang='lat' dir='ltr'>mortem</span> <span class='ocrx_word' id='word_1_196' title='bbox 883 2347 1059 2428; x_wconf 90' lang='lat' dir='ltr'>ignominiae</span> <span class='ocrx_word' id='word_1_197' title='bbox 1077 2348 1224 2426; x_wconf 76' lang='lat' dir='ltr'>praeludit</span> 
     </span>
     <span class='ocr_line' id='line_1_25' title="bbox 164 2432 1224 2513; baseline 0.003 -20"><span class='ocrx_word' id='word_1_198' title='bbox 164 2432 254 2493; x_wconf 88' lang='lat' dir='ltr'>llirus</span> <span class='ocrx_word' id='word_1_199' title='bbox 269 2451 395 2513; x_wconf 88' lang='lat' dir='ltr'>namque</span> <span class='ocrx_word' id='word_1_200' title='bbox 409 2434 506 2512; x_wconf 92' lang='lat' dir='ltr'>pudor</span> <span class='ocrx_word' id='word_1_201' title='bbox 520 2441 565 2494; x_wconf 90' lang='lat' dir='ltr'>est</span> <span class='ocrx_word' id='word_1_202' title='bbox 584 2433 736 2513; x_wconf 84' lang='lat' dir='ltr'>rictusque</span> <span class='ocrx_word' id='word_1_203' title='bbox 751 2453 852 2496; x_wconf 86' lang='lat' dir='ltr'>vocem</span> <span class='ocrx_word' id='word_1_204' title='bbox 873 2433 947 2512; x_wconf 89' lang='lat' dir='ltr'>lugit</span> <span class='ocrx_word' id='word_1_205' title='bbox 960 2432 1093 2507; x_wconf 82' lang='lat' dir='ltr'>victoris,</span> <span class='ocrx_word' id='word_1_206' title='bbox 1113 2440 1224 2496; x_wconf 83' lang='lat' dir='ltr'>terram</span> 
     </span>
    </p>
   </div>
   <div class='ocr_carea' id='block_1_3' title="bbox 115 2612 1223 2838">
    <p class='ocr_par' dir='ltr' id='par_1_5' title="bbox 115 2612 1223 2838">
     <span class='ocr_line' id='line_1_26' title="bbox 197 2612 1222 2684; baseline -0.001 -13"><span class='ocrx_word' id='word_1_207' title='bbox 197 2623 268 2671; x_wconf 76' lang='lat' dir='ltr'>cirus</span> <span class='ocrx_word' id='word_1_208' title='bbox 276 2620 341 2670; x_wconf 85' lang='lat' dir='ltr'>wird</span> <span class='ocrx_word' id='word_1_209' title='bbox 350 2612 574 2684; x_wconf 78' lang='lat' dir='ltr'>hiullgvonoinem</span> <span class='ocrx_word' id='word_1_210' title='bbox 581 2622 665 2671; x_wconf 87' lang='lat' dir='ltr'>schar-</span> <span class='ocrx_word' id='word_1_211' title='bbox 718 2622 757 2684; x_wconf 89' lang='lat' dir='ltr'>de,</span> <span class='ocrx_word' id='word_1_212' title='bbox 769 2635 824 2671; x_wconf 85' lang='lat' dir='ltr'>war</span> <span class='ocrx_word' id='word_1_213' title='bbox 834 2619 897 2671; x_wconf 86' lang='lat' dir='ltr'>uber</span> <span class='ocrx_word' id='word_1_214' title='bbox 907 2633 971 2682; x_wconf 81' lang='lat' dir='ltr'>ganz</span> <span class='ocrx_word' id='word_1_215' title='bbox 983 2619 1007 2668; x_wconf 88' lang='lat' dir='ltr'>in</span> <span class='ocrx_word' id='word_1_216' title='bbox 1018 2619 1064 2669; x_wconf 87' lang='lat' dir='ltr'>der</span> <span class='ocrx_word' id='word_1_217' title='bbox 1073 2618 1165 2671; x_wconf 86' lang='lat' dir='ltr'>Weise</span> <span class='ocrx_word' id='word_1_218' title='bbox 1176 2620 1222 2671; x_wconf 87' lang='lat' dir='ltr'>der</span> 
     </span>
     <span class='ocr_line' id='line_1_27' title="bbox 115 2687 1223 2752; baseline 0 -14"><span class='ocrx_word' id='word_1_219' title='bbox 115 2742 118 2749; x_wconf 18' lang='grc' dir='ltr'>Α</span> <span class='ocrx_word' id='word_1_220' title='bbox 163 2687 206 2738; x_wconf 83' lang='lat' dir='ltr'>len</span> <span class='ocrx_word' id='word_1_221' title='bbox 219 2687 427 2752; x_wconf 81' lang='lat' dir='ltr'>Gcruchgesugt</span> <span class='ocrx_word' id='word_1_222' title='bbox 717 2688 829 2739; x_wconf 82' lang='lat' dir='ltr'>Annalen</span> <span class='ocrx_word' id='word_1_223' title='bbox 846 2687 961 2751; x_wconf 86' lang='lat' dir='ltr'>gehalten</span> <span class='ocrx_word' id='word_1_224' title='bbox 983 2688 1032 2736; x_wconf 89' lang='lat' dir='ltr'>und</span> <span class='ocrx_word' id='word_1_225' title='bbox 1048 2687 1130 2738; x_wconf 85' lang='lat' dir='ltr'>heiast</span> <span class='ocrx_word' id='word_1_226' title='bbox 1146 2688 1223 2738; x_wconf 80' lang='lat' dir='ltr'>daher</span> 
     </span>
     <span class='ocr_line' id='line_1_28' title="bbox 198 2755 1223 2838; baseline 0.001 -32"><span class='ocrx_word' id='word_1_227' title='bbox 198 2775 278 2838; x_wconf 55' lang='lat' dir='ltr'>tim</span> <span class='ocrx_word' id='word_1_228' title='bbox 288 2801 324 2809; x_wconf 78' lang='grc'><strong>-</strong></span> <span class='ocrx_word' id='word_1_229' title='bbox 335 2772 445 2835; x_wconf 55' lang='lat' dir='ltr'>gamm,</span> <span class='ocrx_word' id='word_1_230' title='bbox 457 2772 509 2836; x_wconf 51' lang='grc' dir='ltr'>νει,</span> <span class='ocrx_word' id='word_1_231' title='bbox 523 2773 547 2838; x_wconf 56' lang='lat' dir='ltr'>g,</span> <span class='ocrx_word' id='word_1_232' title='bbox 561 2772 602 2822; x_wconf 61' lang='lat' dir='ltr'>gg,</span> <span class='ocrx_word' id='word_1_233' title='bbox 717 2755 850 2806; x_wconf 85' lang='lat' dir='ltr'>mehrmals</span> <span class='ocrx_word' id='word_1_234' title='bbox 867 2770 904 2805; x_wconf 89' lang='lat' dir='ltr'>so.</span> <span class='ocrx_word' id='word_1_235' title='bbox 927 2755 1020 2806; x_wconf 82' lang='lat' dir='ltr'>horum</span> <span class='ocrx_word' id='word_1_236' title='bbox 1036 2755 1161 2806; x_wconf 81' lang='lat' dir='ltr'>bellorum</span> <span class='ocrx_word' id='word_1_237' title='bbox 1175 2755 1223 2807; x_wconf 79' lang='lat' dir='ltr'>du·</span> 
     </span>
    </p>
   </div>
   <div class='ocr_carea' id='block_1_4' title="bbox 201 2822 1224 2920">
    <p class='ocr_par' dir='ltr' id='par_1_6' title="bbox 201 2822 1224 2920">
     <span class='ocr_line' id='line_1_29' title="bbox 201 2822 1224 2920; baseline 0.004 -15"><span class='ocrx_word' id='word_1_238' title='bbox 201 2855 240 2905; x_wconf 84' lang='lat' dir='ltr'>ro.</span> <span class='ocrx_word' id='word_1_239' title='bbox 253 2855 514 2906; x_wconf 61' lang='lat' dir='ltr'>omniomnis</span> <span class='ocrx_word' id='word_1_240' title='bbox 524 2857 664 2920; x_wconf 79' lang='lat' dir='ltr'>vestigium.</span> <span class='ocrx_word' id='word_1_241' title='bbox 718 2839 760 2875; x_wconf 76' lang='lat'>⁰⁰⁸</span> <span class='ocrx_word' id='word_1_242' title='bbox 770 2841 822 2875; x_wconf 72' lang='lat'><em>&#39;²⁰¹²</em></span> <span class='ocrx_word' id='word_1_243' title='bbox 837 2825 988 2887; x_wconf 55' lang='lat' dir='ltr'>&#39;‘mm&#39;’</span> <span class='ocrx_word' id='word_1_244' title='bbox 1005 2822 1053 2874; x_wconf 66' lang='lat'>⁸⁰⁶¹</span> <span class='ocrx_word' id='word_1_245' title='bbox 1067 2826 1124 2874; x_wconf 57' lang='lat' dir='ltr'>‘&#39;i“</span> <span class='ocrx_word' id='word_1_246' title='bbox 1138 2825 1224 2874; x_wconf 59' lang='lat' dir='ltr'>&#39;&#39;m&#39;&#39;</span> 
     </span>
    </p>
   </div>
   <div class='ocr_carea' id='block_1_5' title="bbox 200 2889 1222 3026">
    <p class='ocr_par' dir='ltr' id='par_1_7' title="bbox 200 2889 1222 3026">
     <span class='ocr_line' id='line_1_30' title="bbox 314 2889 1222 2958; baseline 0 -16"><span class='ocrx_word' id='word_1_247' title='bbox 314 2942 319 2952; x_wconf 82' lang='grc'><strong>,</strong></span> <span class='ocrx_word' id='word_1_248' title='bbox 456 2941 462 2952; x_wconf 81' lang='grc'>,</span> <span class='ocrx_word' id='word_1_249' title='bbox 717 2894 793 2942; x_wconf 78' lang='lat' dir='ltr'>uibus</span> <span class='ocrx_word' id='word_1_250' title='bbox 805 2893 968 2953; x_wconf 73' lang='lat' dir='ltr'>resnotordt,</span> <span class='ocrx_word' id='word_1_251' title='bbox 981 2897 1038 2953; x_wconf 80' lang='lat' dir='ltr'>sagt</span> <span class='ocrx_word' id='word_1_252' title='bbox 1049 2890 1122 2941; x_wconf 87' lang='lat' dir='ltr'>Corn.</span> <span class='ocrx_word' id='word_1_253' title='bbox 1134 2889 1222 2958; x_wconf 86' lang='lat' dir='ltr'>Nepos</span> 
     </span>
     <span class='ocr_line' id='line_1_31' title="bbox 200 2939 1115 3026; baseline 0.003 -38"><span class='ocrx_word' id='word_1_254' title='bbox 200 2939 240 2988; x_wconf 91' lang='lat'>11.</span> <span class='ocrx_word' id='word_1_255' title='bbox 259 2943 340 3005; x_wconf 82' lang='lat' dir='ltr'>cogat,</span> <span class='ocrx_word' id='word_1_256' title='bbox 357 2955 386 2989; x_wconf 89' lang='lat' dir='ltr'>cr</span> <span class='ocrx_word' id='word_1_257' title='bbox 401 2940 519 2991; x_wconf 86' lang='lat' dir='ltr'>schhcsst</span> <span class='ocrx_word' id='word_1_258' title='bbox 534 2942 582 2991; x_wconf 90' lang='lat' dir='ltr'>den</span> <span class='ocrx_word' id='word_1_259' title='bbox 594 2939 663 3006; x_wconf 81' lang='lat' dir='ltr'>Zug3</span> <span class='ocrx_word' id='word_1_260' title='bbox 720 2958 782 3008; x_wconf 61' lang='lat' dir='ltr'>cm</span> <span class='ocrx_word' id='word_1_261' title='bbox 795 2957 818 3008; x_wconf 50' lang='lat'>3,</span> <span class='ocrx_word' id='word_1_262' title='bbox 843 2955 954 3025; x_wconf 60' lang='lat' dir='ltr'><strong><em>Surum,</em></strong></span> <span class='ocrx_word' id='word_1_263' title='bbox 966 2960 1014 3009; x_wconf 66' lang='lat' dir='ltr'>ge„</span> <span class='ocrx_word' id='word_1_264' title='bbox 1027 2958 1115 3026; x_wconf 56' lang='lat' dir='ltr'>sym</span> 
     </span>
    </p>
   </div>
   <div class='ocr_carea' id='block_1_6' title="bbox 715 3025 1222 4048">
    <p class='ocr_par' dir='ltr' id='par_1_8' title="bbox 718 3025 1222 3226">
     <span class='ocr_line' id='line_1_32' title="bbox 754 3025 1222 3096; baseline 0.009 -22"><span class='ocrx_word' id='word_1_265' title='bbox 754 3025 793 3074; x_wconf 84' lang='lat'>12.</span> <span class='ocrx_word' id='word_1_266' title='bbox 812 3028 901 3076; x_wconf 80' lang='lat' dir='ltr'>renuit</span> <span class='ocrx_word' id='word_1_267' title='bbox 909 3031 1048 3096; x_wconf 73' lang='lat' dir='ltr'>repertum,</span> <span class='ocrx_word' id='word_1_268' title='bbox 1060 3043 1090 3077; x_wconf 87' lang='lat' dir='ltr'>er</span> <span class='ocrx_word' id='word_1_269' title='bbox 1097 3027 1222 3092; x_wconf 83' lang='lat' dir='ltr'>weigerta</span> 
     </span>
     <span class='ocr_line' id='line_1_33' title="bbox 718 3092 1222 3160; baseline 0.002 -16"><span class='ocrx_word' id='word_1_270' title='bbox 718 3093 783 3157; x_wconf 86' lang='lat' dir='ltr'>sich,</span> <span class='ocrx_word' id='word_1_271' title='bbox 799 3092 838 3144; x_wconf 87' lang='lat' dir='ltr'>uls</span> <span class='ocrx_word' id='word_1_272' title='bbox 853 3108 909 3143; x_wconf 88' lang='lat' dir='ltr'>man</span> <span class='ocrx_word' id='word_1_273' title='bbox 926 3097 980 3144; x_wconf 90' lang='lat' dir='ltr'>eine</span> <span class='ocrx_word' id='word_1_274' title='bbox 996 3093 1079 3146; x_wconf 86' lang='lat' dir='ltr'>Fuhrt</span> <span class='ocrx_word' id='word_1_275' title='bbox 1094 3093 1222 3160; x_wconf 82' lang='lat' dir='ltr'>gelnnden</span> 
     </span>
     <span class='ocr_line' id='line_1_34' title="bbox 718 3161 1071 3226; baseline 0.008 -16"><span class='ocrx_word' id='word_1_276' title='bbox 718 3162 795 3226; x_wconf 87' lang='lat' dir='ltr'>hatte,</span> <span class='ocrx_word' id='word_1_277' title='bbox 808 3161 927 3212; x_wconf 88' lang='lat' dir='ltr'>hindnroh</span> <span class='ocrx_word' id='word_1_278' title='bbox 940 3179 973 3212; x_wconf 84' lang='lat' dir='ltr'>aa</span> <span class='ocrx_word' id='word_1_279' title='bbox 984 3163 1071 3226; x_wconf 83' lang='lat' dir='ltr'>gehen.</span> 
     </span>
    </p>

    <p class='ocr_par' dir='ltr' id='par_1_9' title="bbox 716 3230 1222 3499">
     <span class='ocr_line' id='line_1_35' title="bbox 750 3230 1222 3293; baseline 0 -13"><span class='ocrx_word' id='word_1_280' title='bbox 750 3231 902 3293; x_wconf 71' lang='lat' dir='ltr'>nombotur,</span> <span class='ocrx_word' id='word_1_281' title='bbox 920 3245 970 3279; x_wconf 89' lang='lat' dir='ltr'>von</span> <span class='ocrx_word' id='word_1_282' title='bbox 986 3231 1032 3282; x_wconf 89' lang='lat' dir='ltr'>der</span> <span class='ocrx_word' id='word_1_283' title='bbox 1043 3230 1222 3280; x_wconf 84' lang='lat' dir='ltr'>consorischen</span> 
     </span>
     <span class='ocr_line' id='line_1_36' title="bbox 716 3296 1222 3363; baseline -0.002 -14"><span class='ocrx_word' id='word_1_284' title='bbox 716 3296 784 3349; x_wconf 86' lang='lat' dir='ltr'>Nota</span> <span class='ocrx_word' id='word_1_285' title='bbox 795 3297 999 3363; x_wconf 88' lang='lat' dir='ltr'>hcrgcnommcn,</span> <span class='ocrx_word' id='word_1_286' title='bbox 1015 3297 1111 3348; x_wconf 83' lang='lat' dir='ltr'>welche</span> <span class='ocrx_word' id='word_1_287' title='bbox 1123 3298 1222 3363; x_wconf 62' lang='lat' dir='ltr'>demje÷</span> 
     </span>
     <span class='ocr_line' id='line_1_37' title="bbox 716 3365 1220 3431; baseline 0.002 -17"><span class='ocrx_word' id='word_1_288' title='bbox 716 3365 802 3431; x_wconf 81' lang='lat' dir='ltr'>higen,</span> <span class='ocrx_word' id='word_1_289' title='bbox 820 3366 866 3416; x_wconf 90' lang='lat' dir='ltr'>der</span> <span class='ocrx_word' id='word_1_290' title='bbox 881 3366 934 3416; x_wconf 84' lang='lat' dir='ltr'>sich</span> <span class='ocrx_word' id='word_1_291' title='bbox 951 3365 1084 3429; x_wconf 73' lang='lat' dir='ltr'>unwiirffig</span> <span class='ocrx_word' id='word_1_292' title='bbox 1096 3366 1220 3430; x_wconf 79' lang='lat' dir='ltr'>betregen</span> 
     </span>
     <span class='ocr_line' id='line_1_38' title="bbox 716 3434 1025 3499; baseline -0.003 -15"><span class='ocrx_word' id='word_1_293' title='bbox 716 3434 794 3497; x_wconf 84' lang='lat' dir='ltr'>batte,</span> <span class='ocrx_word' id='word_1_294' title='bbox 807 3434 918 3499; x_wconf 88' lang='lat' dir='ltr'>gegeben</span> <span class='ocrx_word' id='word_1_295' title='bbox 930 3434 1025 3484; x_wconf 86' lang='lat' dir='ltr'>wurde.</span> 
     </span>
    </p>

    <p class='ocr_par' dir='ltr' id='par_1_10' title="bbox 715 3501 1220 3910">
     <span class='ocr_line' id='line_1_39' title="bbox 747 3501 1218 3570; baseline -0.004 -16"><span class='ocrx_word' id='word_1_296' title='bbox 747 3503 834 3570; x_wconf 79' lang='lat' dir='ltr'>pudor</span> <span class='ocrx_word' id='word_1_297' title='bbox 852 3531 887 3539; x_wconf 93' lang='lat'><em>-</em></span> <span class='ocrx_word' id='word_1_298' title='bbox 906 3503 1018 3552; x_wconf 65' lang='grc' dir='ltr'><strong><em>οἱοέονίο.</em></strong></span> <span class='ocrx_word' id='word_1_299' title='bbox 1053 3501 1132 3552; x_wconf 84' lang='lat' dir='ltr'>Arist.</span> <span class='ocrx_word' id='word_1_300' title='bbox 1157 3502 1218 3552; x_wconf 87' lang='lat' dir='ltr'>hist.</span> 
     </span>
     <span class='ocr_line' id='line_1_40' title="bbox 715 3563 1220 3636; baseline -0.002 -16"><span class='ocrx_word' id='word_1_301' title='bbox 715 3572 788 3621; x_wconf 75' lang='lat' dir='ltr'>anim,</span> <span class='ocrx_word' id='word_1_302' title='bbox 811 3571 836 3635; x_wconf 82' lang='lat'>9,</span> <span class='ocrx_word' id='word_1_303' title='bbox 858 3570 871 3620; x_wconf 91' lang='lat'>1</span> <span class='ocrx_word' id='word_1_304' title='bbox 893 3585 917 3636; x_wconf 92' lang='lat' dir='ltr'>p.</span> <span class='ocrx_word' id='word_1_305' title='bbox 939 3569 1006 3619; x_wconf 84' lang='lat'><strong>610·</strong></span> <span class='ocrx_word' id='word_1_306' title='bbox 1028 3563 1169 3636; x_wconf 78' lang='grc' dir='ltr'><em>μάχονται</em></span> <span class='ocrx_word' id='word_1_307' title='bbox 1187 3566 1220 3619; x_wconf 79' lang='grc' dir='ltr'>δὲ</span> 
     </span>
     <span class='ocr_line' id='line_1_41' title="bbox 715 3632 1218 3708; baseline 0 -20"><span class='ocrx_word' id='word_1_308' title='bbox 715 3639 762 3688; x_wconf 79' lang='grc' dir='ltr'>καὶ</span> <span class='ocrx_word' id='word_1_309' title='bbox 778 3636 924 3708; x_wconf 70' lang='grc' dir='ltr'><strong><em>ἐλέφαντες</em></strong></span> <span class='ocrx_word' id='word_1_310' title='bbox 936 3633 1069 3706; x_wconf 82' lang='grc' dir='ltr'><strong><em>σφοδρῶς</em></strong></span> <span class='ocrx_word' id='word_1_311' title='bbox 1080 3633 1153 3705; x_wconf 77' lang='grc' dir='ltr'><strong><em>πρὸς</em></strong></span> <span class='ocrx_word' id='word_1_312' title='bbox 1169 3632 1218 3688; x_wconf 81' lang='grc' dir='ltr'>ἀλ-</span> 
     </span>
     <span class='ocr_line' id='line_1_42' title="bbox 716 3701 1218 3771; baseline -0.004 -15"><span class='ocrx_word' id='word_1_313' title='bbox 716 3701 826 3771; x_wconf 77' lang='grc' dir='ltr'><strong><em>λήλους·</em></strong></span> <span class='ocrx_word' id='word_1_314' title='bbox 845 3701 861 3756; x_wconf 81' lang='grc' dir='ltr'><em>ὃ</em></span> <span class='ocrx_word' id='word_1_315' title='bbox 879 3704 910 3757; x_wconf 75' lang='lat' dir='ltr'>dl</span> <span class='ocrx_word' id='word_1_316' title='bbox 927 3701 1055 3770; x_wconf 70' lang='grc' dir='ltr'>ἡττηθεὶς</span> <span class='ocrx_word' id='word_1_317' title='bbox 1066 3702 1218 3756; x_wconf 78' lang='grc' dir='ltr'><strong><em>δουλοῦται</em></strong></span> 
     </span>
     <span class='ocr_line' id='line_1_43' title="bbox 716 3767 1219 3842; baseline 0.002 -20"><span class='ocrx_word' id='word_1_318' title='bbox 716 3773 838 3840; x_wconf 74' lang='grc' dir='ltr'><em>ἰσχυρῶς</em></span> <span class='ocrx_word' id='word_1_319' title='bbox 860 3767 982 3840; x_wconf 79' lang='grc' dir='ltr'><strong><em>καὶ,οὐχ</em></strong></span> <span class='ocrx_word' id='word_1_320' title='bbox 1007 3767 1145 3842; x_wconf 77' lang='grc' dir='ltr'><strong><em>ὑπομένει</em></strong></span> <span class='ocrx_word' id='word_1_321' title='bbox 1167 3768 1219 3838; x_wconf 82' lang='grc' dir='ltr'>τὴν</span> 
     </span>
     <span class='ocr_line' id='line_1_44' title="bbox 715 3835 1058 3910; baseline 0 -19"><span class='ocrx_word' id='word_1_322' title='bbox 715 3841 765 3891; x_wconf 86' lang='grc' dir='ltr'>τοῦ</span> <span class='ocrx_word' id='word_1_323' title='bbox 777 3835 942 3906; x_wconf 78' lang='grc' dir='ltr'><strong><em>νικήσαντος</em></strong></span> <span class='ocrx_word' id='word_1_324' title='bbox 952 3836 1058 3910; x_wconf 80' lang='grc' dir='ltr'><strong><em>φωνήν.</em></strong></span> 
     </span>
    </p>

    <p class='ocr_par' dir='ltr' id='par_1_11' title="bbox 715 3909 1216 4048">
     <span class='ocr_line' id='line_1_45' title="bbox 750 3909 1216 3977; baseline 0.002 -18"><span class='ocrx_word' id='word_1_325' title='bbox 750 3911 1030 3977; x_wconf 68' lang='lat' dir='ltr'>unm-penger,</span> <span class='ocrx_word' id='word_1_326' title='bbox 1048 3909 1096 3960; x_wconf 88' lang='lat' dir='ltr'>wie</span> <span class='ocrx_word' id='word_1_327' title='bbox 1113 3910 1153 3961; x_wconf 86' lang='lat' dir='ltr'>die</span> <span class='ocrx_word' id='word_1_328' title='bbox 1166 3909 1216 3960; x_wconf 87' lang='lat' dir='ltr'>Be·</span> 
     </span>
     <span class='ocr_line' id='line_1_46' title="bbox 715 3976 1094 4048; baseline 0.003 -21"><span class='ocrx_word' id='word_1_329' title='bbox 715 3977 814 4048; x_wconf 77' lang='lat' dir='ltr'>sicgten</span> <span class='ocrx_word' id='word_1_330' title='bbox 825 3979 942 4044; x_wconf 77' lang='lat' dir='ltr'>pilegten,</span> <span class='ocrx_word' id='word_1_331' title='bbox 952 3977 1004 4041; x_wconf 68' lang='lat' dir='ltr'>vsu</span> <span class='ocrx_word' id='word_1_332' title='bbox 1016 3976 1057 4044; x_wconf 82' lang='lat'>22,</span> <span class='ocrx_word' id='word_1_333' title='bbox 1066 3977 1094 4028; x_wconf 78' lang='grc'>8.</span> 
     </span>
    </p>
   </div>
   <div class='ocr_carea' id='block_1_7' title="bbox 164 3004 569 3058">
    <p class='ocr_par' dir='ltr' id='par_1_12' title="bbox 164 3004 569 3058">
     <span class='ocr_line' id='line_1_47' title="bbox 164 3004 569 3058; baseline 0.005 -2"><span class='ocrx_word' id='word_1_334' title='bbox 164 3005 325 3057; x_wconf 79' lang='lat' dir='ltr'>militirische</span> <span class='ocrx_word' id='word_1_335' title='bbox 337 3004 569 3058; x_wconf 80' lang='lat' dir='ltr'>ltunstausuriioke.</span> 
     </span>
    </p>
   </div>
   <div class='ocr_carea' id='block_1_8' title="bbox 162 3091 665 4030">
    <p class='ocr_par' dir='ltr' id='par_1_13' title="bbox 162 3091 665 3566">
     <span class='ocr_line' id='line_1_48' title="bbox 197 3091 664 3159; baseline 0.011 -20"><span class='ocrx_word' id='word_1_336' title='bbox 197 3092 264 3140; x_wconf 82' lang='lat' dir='ltr'>Anti</span> <span class='ocrx_word' id='word_1_337' title='bbox 279 3094 336 3141; x_wconf 81' lang='lat' dir='ltr'>oter</span> <span class='ocrx_word' id='word_1_338' title='bbox 353 3106 399 3141; x_wconf 90' lang='lat' dir='ltr'>aus</span> <span class='ocrx_word' id='word_1_339' title='bbox 416 3091 522 3159; x_wconf 79' lang='lat' dir='ltr'>Tarsus,</span> <span class='ocrx_word' id='word_1_340' title='bbox 543 3093 583 3143; x_wconf 88' lang='lat' dir='ltr'>ein</span> <span class='ocrx_word' id='word_1_341' title='bbox 601 3094 664 3144; x_wconf 90' lang='lat' dir='ltr'>stoi-</span> 
     </span>
     <span class='ocr_line' id='line_1_49' title="bbox 164 3107 664 3225; baseline 0.008 -18"><span class='ocrx_word' id='word_1_342' title='bbox 164 3158 238 3208; x_wconf 89' lang='lat' dir='ltr'>scber</span> <span class='ocrx_word' id='word_1_343' title='bbox 249 3107 395 3225; x_wconf 68' lang='lat' dir='ltr'>Pirilosoph,</span> <span class='ocrx_word' id='word_1_344' title='bbox 411 3159 509 3210; x_wconf 87' lang='lat' dir='ltr'>Lehrer</span> <span class='ocrx_word' id='word_1_345' title='bbox 525 3162 570 3212; x_wconf 86' lang='lat' dir='ltr'>des</span> <span class='ocrx_word' id='word_1_346' title='bbox 582 3160 664 3211; x_wconf 85' lang='lat' dir='ltr'>Penii·</span> 
     </span>
     <span class='ocr_line' id='line_1_50' title="bbox 163 3226 664 3290; baseline 0.006 -14"><span class='ocrx_word' id='word_1_347' title='bbox 163 3226 227 3290; x_wconf 86' lang='lat' dir='ltr'>tius,</span> <span class='ocrx_word' id='word_1_348' title='bbox 244 3227 277 3276; x_wconf 89' lang='lat' dir='ltr'>im</span> <span class='ocrx_word' id='word_1_349' title='bbox 288 3226 313 3276; x_wconf 81' lang='lat'>2.</span> <span class='ocrx_word' id='word_1_350' title='bbox 325 3227 409 3278; x_wconf 84' lang='lat' dir='ltr'>Jahrb.</span> <span class='ocrx_word' id='word_1_351' title='bbox 421 3245 446 3280; x_wconf 88' lang='lat' dir='ltr'>v.</span> <span class='ocrx_word' id='word_1_352' title='bbox 461 3229 517 3280; x_wconf 87' lang='lat' dir='ltr'>Chr.</span> <span class='ocrx_word' id='word_1_353' title='bbox 542 3228 598 3281; x_wconf 89' lang='lat' dir='ltr'>Vou</span> <span class='ocrx_word' id='word_1_354' title='bbox 614 3229 664 3279; x_wconf 90' lang='lat' dir='ltr'>ihm</span> 
     </span>
     <span class='ocr_line' id='line_1_51' title="bbox 163 3291 664 3366; baseline 0.014 -23"><span class='ocrx_word' id='word_1_355' title='bbox 163 3295 224 3344; x_wconf 85' lang='lat' dir='ltr'>wird</span> <span class='ocrx_word' id='word_1_356' title='bbox 235 3311 259 3344; x_wconf 88' lang='lat' dir='ltr'>u.</span> <span class='ocrx_word' id='word_1_357' title='bbox 272 3310 296 3345; x_wconf 84' lang='lat' dir='ltr'>a.</span> <span class='ocrx_word' id='word_1_358' title='bbox 309 3295 349 3345; x_wconf 89' lang='lat' dir='ltr'>ein</span> <span class='ocrx_word' id='word_1_359' title='bbox 360 3296 427 3347; x_wconf 82' lang='lat' dir='ltr'>lluoh</span> <span class='ocrx_word' id='word_1_360' title='bbox 444 3297 510 3365; x_wconf 84' lang='grc' dir='ltr'><em>περὶ</em></span> <span class='ocrx_word' id='word_1_361' title='bbox 526 3291 602 3366; x_wconf 76' lang='grc' dir='ltr'>ζῴων</span> <span class='ocrx_word' id='word_1_362' title='bbox 618 3314 664 3349; x_wconf 90' lang='lat' dir='ltr'>an·</span> 
     </span>
     <span class='ocr_line' id='line_1_52' title="bbox 162 3362 665 3433; baseline 0.01 -22"><span class='ocrx_word' id='word_1_363' title='bbox 162 3362 272 3427; x_wconf 76' lang='lat' dir='ltr'>gesdbrt.</span> <span class='ocrx_word' id='word_1_364' title='bbox 288 3392 323 3401; x_wconf 95' lang='lat'><em>-</em></span> <span class='ocrx_word' id='word_1_365' title='bbox 344 3366 472 3416; x_wconf 76' lang='lat' dir='ltr'>Antiocho</span> <span class='ocrx_word' id='word_1_366' title='bbox 490 3371 560 3433; x_wconf 79' lang='lat' dir='ltr'>regr&#39;,</span> <span class='ocrx_word' id='word_1_367' title='bbox 581 3368 665 3417; x_wconf 85' lang='lat' dir='ltr'>wahr-</span> 
     </span>
     <span class='ocr_line' id='line_1_53' title="bbox 162 3431 662 3500; baseline 0.004 -18"><span class='ocrx_word' id='word_1_368' title='bbox 162 3431 298 3482; x_wconf 86' lang='lat' dir='ltr'>seheinlich</span> <span class='ocrx_word' id='word_1_369' title='bbox 322 3433 377 3483; x_wconf 87' lang='lat' dir='ltr'>dem</span> <span class='ocrx_word' id='word_1_370' title='bbox 399 3433 523 3500; x_wconf 88' lang='lat' dir='ltr'>Grossen,</span> <span class='ocrx_word' id='word_1_371' title='bbox 547 3435 594 3487; x_wconf 87' lang='lat' dir='ltr'>der</span> <span class='ocrx_word' id='word_1_372' title='bbox 613 3451 662 3485; x_wconf 90' lang='lat' dir='ltr'>von</span> 
     </span>
     <span class='ocr_line' id='line_1_54' title="bbox 162 3499 440 3566; baseline 0.018 -18"><span class='ocrx_word' id='word_1_373' title='bbox 162 3499 308 3551; x_wconf 81' lang='lat'><strong>221-187</strong></span> <span class='ocrx_word' id='word_1_374' title='bbox 321 3502 440 3566; x_wconf 77' lang='lat' dir='ltr'>rogiente.</span> 
     </span>
    </p>

    <p class='ocr_par' dir='ltr' id='par_1_14' title="bbox 163 3568 664 3820">
     <span class='ocr_line' id='line_1_55' title="bbox 198 3568 663 3635; baseline 0.004 -16"><span class='ocrx_word' id='word_1_375' title='bbox 198 3568 270 3621; x_wconf 80' lang='lat' dir='ltr'>Certe</span> <span class='ocrx_word' id='word_1_376' title='bbox 281 3586 305 3619; x_wconf 58' lang='lat' dir='ltr'>u,</span> <span class='ocrx_word' id='word_1_377' title='bbox 319 3585 339 3620; x_wconf 89' lang='lat' dir='ltr'>s.</span> <span class='ocrx_word' id='word_1_378' title='bbox 352 3585 400 3634; x_wconf 70' lang='lat' dir='ltr'>ra,</span> <span class='ocrx_word' id='word_1_379' title='bbox 413 3571 455 3620; x_wconf 91' lang='lat' dir='ltr'>ein</span> <span class='ocrx_word' id='word_1_380' title='bbox 466 3568 663 3635; x_wconf 83' lang='lat' dir='ltr'>Zwisohensatz,</span> 
     </span>
     <span class='ocr_line' id='line_1_56' title="bbox 163 3637 664 3704; baseline 0.008 -20"><span class='ocrx_word' id='word_1_381' title='bbox 163 3652 219 3685; x_wconf 87' lang='lat' dir='ltr'>zum</span> <span class='ocrx_word' id='word_1_382' title='bbox 235 3637 358 3702; x_wconf 87' lang='lat' dir='ltr'>Belspiel,</span> <span class='ocrx_word' id='word_1_383' title='bbox 375 3639 433 3689; x_wconf 87' lang='lat' dir='ltr'>dass</span> <span class='ocrx_word' id='word_1_384' title='bbox 450 3639 491 3689; x_wconf 88' lang='lat' dir='ltr'>die</span> <span class='ocrx_word' id='word_1_385' title='bbox 506 3638 664 3704; x_wconf 84' lang='lat' dir='ltr'>Elephanton</span> 
     </span>
     <span class='ocr_line' id='line_1_57' title="bbox 163 3703 663 3766; baseline 0.01 -14"><span class='ocrx_word' id='word_1_386' title='bbox 163 3703 251 3766; x_wconf 87' lang='lat' dir='ltr'>cigene</span> <span class='ocrx_word' id='word_1_387' title='bbox 264 3703 358 3756; x_wconf 79' lang='lat' dir='ltr'>Numen</span> <span class='ocrx_word' id='word_1_388' title='bbox 374 3705 399 3755; x_wconf 89' lang='lat' dir='ltr'>in</span> <span class='ocrx_word' id='word_1_389' title='bbox 416 3707 464 3756; x_wconf 89' lang='lat' dir='ltr'>den</span> <span class='ocrx_word' id='word_1_390' title='bbox 477 3706 576 3757; x_wconf 88' lang='lat' dir='ltr'>lleeren</span> <span class='ocrx_word' id='word_1_391' title='bbox 592 3705 663 3756; x_wconf 79' lang='lat' dir='ltr'>t&#39;ribr-</span> 
     </span>
     <span class='ocr_line' id='line_1_58' title="bbox 163 3776 215 3820; baseline -0.019 0"><span class='ocrx_word' id='word_1_392' title='bbox 163 3776 215 3820; x_wconf 77' lang='lat' dir='ltr'>ten,</span> 
     </span>
    </p>

    <p class='ocr_par' dir='ltr' id='par_1_15' title="bbox 163 3839 663 4030">
     <span class='ocr_line' id='line_1_59' title="bbox 197 3839 663 3893; baseline 0.009 -6"><span class='ocrx_word' id='word_1_393' title='bbox 197 3854 299 3888; x_wconf 84' lang='lat' dir='ltr'>cum—</span> <span class='ocrx_word' id='word_1_394' title='bbox 316 3839 469 3892; x_wconf 69' lang='lat' dir='ltr'>dehaoeera&#39;t.</span> <span class='ocrx_word' id='word_1_395' title='bbox 504 3842 555 3892; x_wconf 87' lang='lat' dir='ltr'>llas</span> <span class='ocrx_word' id='word_1_396' title='bbox 579 3841 663 3893; x_wconf 85' lang='lat' dir='ltr'>Werlx</span> 
     </span>
     <span class='ocr_line' id='line_1_60' title="bbox 163 3904 662 3975; baseline 0.006 -19"><span class='ocrx_word' id='word_1_397' title='bbox 163 3904 240 3957; x_wconf 81' lang='lat' dir='ltr'>(latos</span> <span class='ocrx_word' id='word_1_398' title='bbox 251 3907 318 3958; x_wconf 88' lang='lat' dir='ltr'>hiess</span> <span class='ocrx_word' id='word_1_399' title='bbox 331 3909 448 3975; x_wconf 81' lang='lat' dir='ltr'>origines,</span> <span class='ocrx_word' id='word_1_400' title='bbox 460 3909 520 3959; x_wconf 86' lang='lat' dir='ltr'>weil</span> <span class='ocrx_word' id='word_1_401' title='bbox 531 3909 572 3960; x_wconf 89' lang='lat' dir='ltr'>die</span> <span class='ocrx_word' id='word_1_402' title='bbox 581 3909 662 3972; x_wconf 85' lang='lat' dir='ltr'>Urge-</span> 
     </span>
     <span class='ocr_line' id='line_1_61' title="bbox 163 3974 663 4030; baseline 0.006 -5"><span class='ocrx_word' id='word_1_403' title='bbox 163 3974 273 4026; x_wconf 88' lang='lat' dir='ltr'>schichte</span> <span class='ocrx_word' id='word_1_404' title='bbox 283 3977 437 4030; x_wconf 81' lang='lat' dir='ltr'>auslibrlich</span> <span class='ocrx_word' id='word_1_405' title='bbox 450 3976 584 4028; x_wconf 77' lang='lat' dir='ltr'>hebrndelt</span> <span class='ocrx_word' id='word_1_406' title='bbox 592 3991 663 4028; x_wconf 79' lang='lat' dir='ltr'>wur-</span> 
     </span>
    </p>
   </div>
   <div class='ocr_carea' id='block_1_9' title="bbox 0 0 1288 4576">
    <p class='ocr_par' dir='ltr' id='par_1_16' title="bbox 0 0 1288 4576">
     <span class='ocr_line' id='line_1_62' title="bbox 0 0 1288 4576; baseline 0 1"><span class='ocrx_word' id='word_1_407' title='bbox 0 0 1288 4576; x_wconf 95' lang='lat' dir='ltr'> </span> 
     </span>
    </p>
   </div>
  </div>
 </body>
</html>
