2566 4576
149 375 212 438 218
423 370 518 423 naurs
534 370 602 423 unu
619 356 734 424 sturm
752 368 845 435 (xvu,
858 369 882 434 r,
895 370 934 434 t).

149 546 223 606 quae
241 526 385 606 principia
405 544 544 586 mensum
569 543 775 602 annorumque
793 523 841 584 bis
866 521 934 585 fau't
951 531 981 584 et
1006 522 1125 585 merda
1143 533 1213 603 post

148 612 328 674 tricesimum
343 629 471 683 annum,
491 609 558 688 quia
577 609 635 670 iam
654 609 759 670 virium
778 608 894 670 abunde
907 607 1014 669 haheat
1030 625 1088 668 nec
1107 607 1148 670 sit
1165 608 1212 669 sui

149 696 276 757 dimidia.
316 694 465 756 Sacrificio
485 693 636 772 epulisque
659 694 714 754 rite
737 693 793 754 sub
811 693 916 755 arbore
935 691 1115 771 comparatis
1135 693 1211 754 duos
1259 709 1262 714 ·

151 781 306 842 admovent
325 778 441 840 candidi
460 777 569 840 coloris
588 787 702 851 tauros,
721 796 848 857 quorum
868 795 979 838 cornua
997 786 1062 838 tum
1080 777 1211 855 primum

80 874 128 924 251
151 865 321 926 vinciantur.
352 862 496 924 Sacerdos
512 862 633 924 candida
646 870 726 923 reste
740 863 835 923 cultus
848 861 984 923 arborem
999 861 1124 933 scandit,
1140 862 1212 923 falce

149 968 236 1011 aurea
256 948 389 1019 demetit3
410 947 537 1009 candido
556 947 584 1007 id
601 947 744 1027 excipitur
764 966 850 1026 sago;
868 954 932 1007 tum
951 945 1058 1006 deinde
1075 946 1209 1008 victimas

150 1033 304 1094 immolant
318 1039 470 1110 precautes
485 1049 571 1091 suum
587 1030 698 1092 donum
714 1032 787 1093 deus
799 1048 976 1111 prospemm
987 1029 1073 1091 faciat
1082 1030 1132 1092 his
1144 1031 1208 1110 qui-

149 1118 205 1178 hus
225 1117 344 1179 dederit.
388 1115 607 1176 Fecunditatem
627 1134 662 1176 eo
677 1125 749 1194 poto
766 1116 829 1178 dari
848 1115 1021 1193 cuicumque
1039 1115 1208 1177 animalium

150 1202 240 1262 sterili
260 1201 453 1273 arbitrantur,
479 1208 583 1261 contra
602 1218 711 1262 venena
730 1219 797 1261 esse
817 1199 918 1261 omnia
932 1198 1071 1261 remedio.
1117 1200 1208 1262 Tanta

151 1285 281 1364 gentium
296 1286 326 1346 in
341 1284 429 1347 rebus
444 1284 555 1345 frivolis
571 1284 742 1365 piarumque
756 1284 855 1364 religio
871 1292 925 1346 est

384 1572 494 1635 Puuts
516 1572 591 1633 BER
612 1558 740 1633 31111111
763 1571 864 1650 (XVII,
882 1572 910 1646 1,
928 1573 973 1648 1).

114 1685 129 1734 2
237 1675 360 1736 Crassus
382 1682 482 1736 orator
502 1675 556 1736 suit
574 1678 604 1736 in
623 1674 728 1754 primis
747 1673 877 1735 neminis
895 1673 1035 1749 Romani3
1056 1674 1164 1735 domus
1184 1673 1208 1733 ei

151 1759 317 1837 magnifica,
338 1759 390 1819 sed
405 1759 552 1838 aliquanto
568 1759 762 1839 praestantior
776 1759 806 1820 in
821 1759 925 1818 eodem
940 1758 1050 1819 Palatio
1066 1758 1102 1832 Q.
1119 1758 1208 1819 Catuii

151 1844 201 1922 qui
215 1843 350 1903 Cimbros
371 1862 438 1903 cum
455 1843 486 1905 C.
502 1845 592 1906 Mario
613 1843 700 1918 fudit,
719 1844 813 1905 multo
833 1860 902 1903 vero
922 1842 1118 1921 pulcherrima
1137 1858 1208 1903 con-

151 1945 241 1988 sensu
257 1928 390 1991 omnium
412 1935 503 1988 aetate
518 1948 552 1989 ea
571 1929 603 1988 in
623 1928 695 1988 colle
709 1926 843 1989 Viminali
857 1927 888 1987 G.
900 1926 1008 2006 -hquilii
1027 1927 1133 2006 equitis
1147 1927 1207 1987 uo-

151 2012 230 2072 mani
251 2011 380 2071 clarioris
400 2011 447 2071 illa
467 2012 554 2072 etiam
571 2031 658 2090 quam
673 2011 745 2073 iuris
761 2011 850 2072 civilis
870 2011 1001 2084 scientia,
1021 2030 1089 2072 cum
1108 2018 1208 2072 tamen

117 2103 131 2152 ³
154 2095 264 2155 obiecta
280 2095 387 2154 Crasso
404 2114 456 2156 sua
471 2105 524 2156 est.
554 2096 806 2157 Nobilissimamm
822 2097 952 2173 gentium
967 2095 1068 2168 ambo,
1084 2096 1207 2158 Crassus

151 2186 236 2256 atque
255 2178 415 2249 Domitius,
437 2197 590 2240 censuram
610 2188 680 2258 post
699 2179 868 2241 consulatus
888 2180 975 2241 simul
993 2198 1111 2258 gessere
1130 2198 1207 2242 anuo

150 2261 283 2322 conditae
298 2261 379 2321 urbis
391 2262 533 2336 uetuit,
545 2265 726 2342 frequentem
741 2264 841 2342 iurgiis
857 2273 979 2344 propter
993 2265 1207 2326 dissimilitudi-

150 2364 218 2407 nem
229 2365 356 2406 morum.
383 2347 458 2407 Tum
472 2349 523 2409 Cn.
536 2348 690 2421 Domitius,
705 2356 738 2409 ut
752 2356 813 2408 erat
825 2350 981 2409 vehemens
993 2357 1105 2422 natura,
1121 2368 1206 2428 prae-

149 2438 228 2491 terea
243 2449 383 2491 accensus
399 2432 483 2505 odio,
503 2434 583 2512 quod
597 2453 631 2493 ex
647 2433 838 2494 aemulatione
852 2434 1050 2494 avidissimum
1066 2441 1125 2507 est,
1141 2452 1206 2513 gra·

149 2516 220 2577 viter
235 2516 380 2596 increpuit
391 2517 463 2578 tanti
476 2537 628 2580 censorem
639 2518 778 2588 habitare,
794 2518 862 2579 HS..
877 2537 932 2597 pro
945 2519 1035 2578 domo
1047 2519 1111 2579 eius
1122 2518 1206 2579 iden·

181 2655 294 2718 soeculo,
315 2657 434 2716 grissere
452 2654 587 2719 Periodeu,
611 2656 650 2704 die
705 2655 796 2718 bonae,
808 2655 924 2704 bekannt.

147 2723 202 2772 also
215 2723 254 2772 hei
267 2722 314 2771 deu
325 2720 437 2772 Gaiiiern
451 2723 650 2773 uureiueukur-
739 2739 798 2774 eura
818 2721 909 2787 kniiptt
933 2737 964 2772 an
987 2722 1027 2771 die
1044 2721 1206 2773 bezeichoete

148 2807 194 2840 aen
207 2790 334 2840 Zeitraurn
348 2788 477 2852 hogriffen.
705 2789 762 2840 Zeit
774 2795 859 2840 aetate
869 2805 899 2840 cu
911 2789 1007 2839 eintach
1019 2804 1059 2853 an,
1073 2790 1151 2840 daher
1162 2791 1206 2840 der

181 2872 272 2906 noo-
284 2856 401 2917 dimidio,
422 2871 477 2904 was
493 2856 509 2903 6
522 2855 591 2920 Tage
603 2873 650 2907 vor
704 2856 833 2920 indicudv,
846 2874 877 2907 zu
886 2857 962 2921 jener
973 2857 1039 2921 Zeit,
1051 2858 1134 2907 warin
1145 2859 1205 2908 den-

148 2925 203 2973 dem
219 2922 358 2977 Neumond
370 2929 434 2972 statt
454 2922 533 2971 haben
553 2925 648 2985 wiirde,
705 2927 803 2974 uochu.
818 2941 839 2975 s.
851 2940 884 2975 ιι.

148 3006 187 3039 wo
205 2990 250 3037 der
263 2988 339 3037 hiond
356 3003 388 3037 uu
405 2988 489 3037 sciuer
500 2986 575 3039 diruit
591 3006 650 3040 ver-
738 2991 762 3040 3.
790 3007 925 3043 cessurum
944 2993 976 3042 im
991 2993 1015 3042 J.
1033 2992 1065 3042 92
1082 3009 1107 3043 v.
1126 2993 1167 3055 (1.,
1192 2992 1204 3041 1

147 3057 219 3115 liert3
241 3056 319 3104 daher
334 3058 378 3104 sui
389 3055 580 3106 nachdriiehlich
594 3058 648 3107 hiu-
703 3058 765 3109 Jahr
776 3075 823 3108 vor
835 3060 941 3110 Crassus
953 3059 1031 3110 Tode.
1043 3087 1079 3097 -
1089 3060 1206 3111 conmis-

147 3128 288 3186 zugesetzt.
704 3131 759 3188 tus,
773 3128 820 3176 den
834 3127 940 3177 Crassus
952 3128 985 3177 im
998 3127 1021 3176 J.
1034 3126 1079 3189 99,
1097 3127 1142 3177 Cn.
1154 3127 1205 3178 Do·
1218 3167 1224 3183 ,

179 3190 238 3240 251.
255 3188 284 3239 id
294 3203 330 3237 sc.
344 3189 409 3253 quod
421 3188 563 3239 demetitur.
701 3195 792 3244 nuhaa
813 3195 996 3245 Ahenobarbus
1013 3195 1046 3244 im
1067 3194 1089 3244 J.
1108 3195 1141 3245 96
1161 3196 1205 3246 he·

179 3255 649 3318 2.DieseErz'a'hlungistwahrschcin·
703 3261 1205 3330 hleidethatte-propter-marum,

146 3326 192 3376 lich
210 3327 257 3375 den
275 3324 396 3389 Exempla
415 3324 459 3373 des
471 3323 546 3374 Corn.
564 3325 648 3391 Nepos
703 3328 810 3379 Crassus
826 3343 882 3378 war
897 3328 949 3379 feiu
965 3330 1077 3393 gehildet
1088 3332 1139 3381 und
1151 3332 1204 3381 eie·
1240 3344 1244 3352 ·

146 3396 193 3456 (zu
205 3392 229 3454 9,
242 3392 287 3452 61)
301 3399 471 3451 entuommeu‚
484 3393 535 3455 vgl.
548 3392 593 3457 36,
605 3393 647 3444 48.
701 3403 770 3460 gant,
782 3395 964 3447 Ahenobarbus
977 3397 1055 3461 heitig
1064 3398 1114 3447 und
1124 3400 1194 3450 rauh.

144 3461 201 3512 Vah
215 3459 340 3510 Maximus
359 3458 482 3508 herichtet
499 3461 535 3510 sie
547 3461 577 3524 9,
593 3461 617 3526 1,
631 3461 647 3510 4
735 3463 759 3513 4.
783 3463 855 3526 Tum,
868 3465 893 3513 in
907 3465 1001 3527 iurgiis.

144 3528 312 3579 ahweiehend.
541 3561 544 3568 ·
735 3530 759 3581 3.
776 3532 961 3594 otufissimum,
979 3532 1204 3598 ieidcuschastiich

179 3597 298 3658 Crassos,
314 3610 345 3643 zu
358 3593 383 3654 9,
398 3592 453 3643 tos.
472 3593 513 3657 31,
526 3596 550 3645 5.
568 3595 608 3658 36,
621 3597 645 3660 7,
700 3599 749 3649 wie
760 3600 824 3649 auch
835 3599 944 3667 cupidos
955 3600 1056 3650 absolut
1068 3601 1206 3664 gebraucht

142 3691 176 3700 —
191 3664 218 3726 Q.
232 3661 327 3713 Lutatii
340 3659 431 3724 Catuli,
444 3661 485 3722 22,
500 3662 538 3712 11.
698 3667 771 3717 wird.
793 3696 829 3704 —
850 3671 976 3735 increpuit
994 3691 1029 3710 =
1048 3668 1205 3720 vociferatus

178 3731 204 3781 C.
217 3730 317 3795 Aquita
328 3727 407 3790 Galli,
424 3731 486 3780 auch
500 3730 528 3793 t,
543 3729 644 3781 181111·-
700 3740 751 3795 est,
769 3735 823 3785 laut
834 3733 918 3799 rufeu,
939 3735 1067 3798 seherias,
1088 3737 1138 3786 wie
1150 3735 1204 3787 Lis.

143 3799 235 3859 wiihnt‚
248 3797 340 3848 Priitor
350 3811 490 3848 zusammen
502 3799 548 3849 mit
556 3798 644 3849 Cicero
703 3801 724 3863 1,
736 3801 749 3849 'i
759 3805 842 3852 serbis
850 3805 1012 3870 increpitans.
1021 3830 1056 3840 -·
1064 3818 1204 3870 currerent

143 3865 175 3914 im
187 3865 208 3913 J.
223 3864 267 3928 66,
284 3863 325 3913 eiu
338 3864 482 3916 heriihrnter
492 3867 586 3928 insist,
603 3867 646 3916 he·
699 3869 750 3918 der.
761 3869 803 3919 ein
817 3869 925 3935 Beispiei
946 3871 971 3920 iu
992 3871 1204 3936 derdtdssigkeit

143 3931 247 3982 sonders
265 3933 343 3982 durch
360 3932 430 3983 scine
445 3933 645 3996 Bestimmuugcu
699 3935 777 3998 gehen
791 3937 875 3987 solite.

143 3997 183 4102 iih.
195 3998 268 4051 dotas
276 4000 370 4065 rudos,
383 4001 646 4068 diesemuioaAqui-
732 4001 792 4068 118„
801 4005 841 4055 die
851 4004 914 4057 Zahl
922 4006 957 4056 ist
966 4006 1021 4055 hier
1030 4008 1081 4058 aud
1091 4015 1168 4060 uuoen
1178 4009 1203 4060 ia
