2566 4576
7 182 221 371 pyffl

119 353 181 415 352
255 350 460 403 onscntcurn
474 351 541 402 nnn
553 350 805 413 ununnlxxxu
816 350 840 415 a,
853 350 1065 428 at-nmm„

7 455 73 558 βπ
120 505 239 568 *Pinxit
254 513 282 565 et
298 506 461 566 minoribus
483 505 593 567 tabellis
613 505 759 579 libidinem
780 524 814 565 eo
833 523 938 584 genere
954 505 1117 585 petulantis
1132 506 1184 567 ioci

6 654 18 679 l
121 610 153 652 se
169 590 340 662 reficiens*;
357 592 500 652 fecundus
520 591 635 663 artifex,
652 591 705 651 sed
724 610 783 669 quo
803 604 892 651 uerno
913 591 1093 652 insolentius
1112 609 1183 652 usus

6 660 35 742 λ
120 676 159 735 sit
172 675 261 754 gloria
282 676 366 747 artis,
385 694 512 755 namque
532 683 561 736 et
580 675 756 754 cognomina
777 675 940 754 usurpavit,
961 675 1185 737 habrodiaetum

123 780 156 822 se
171 759 344 839 appellando
361 759 481 839 aliisque
493 761 625 821 versibus
641 760 805 840 principem
817 761 887 821 artis
902 771 930 820 et
941 779 1006 821 cam
1019 761 1056 821 ab
1069 780 1104 821 se
1116 779 1186 822 oon·
1200 820 1207 835 ,

70 853 103 904 72
124 853 311 916 nummatam,
327 863 416 923 super
433 846 532 907 omnia
546 846 688 925 Apollinis
704 865 736 905 sc
751 845 847 905 radice
863 853 970 917 ortum,
987 853 1016 904 et
1032 845 1186 907 Herculem

75 1002 81 1017 ,
122 931 171 1009 qui
188 938 233 988 est
247 929 333 988 Lindi
349 929 433 990 talem
448 950 463 990 a
480 950 511 991 se
525 931 646 1010 pictum,
663 930 777 1009 qualem
793 949 879 1008 saepe
894 931 924 990 in
945 929 1044 1008 quiete
1058 931 1185 992 vidisset

121 1015 199 1092 Ergo
216 1013 329 1090 magnis
347 1014 492 1094 sullragiis
513 1023 666 1095 superatus
685 1035 702 1075 a
717 1015 874 1075 Timanthe
890 1014 970 1075 Sami
990 1014 1023 1074 in
1038 1015 1127 1077 diaco
1141 1034 1186 1077 ar-

35 1124 42 1141 1
122 1117 298 1175 morumque
314 1098 421 1159 iudicio
437 1101 535 1160 herois
550 1101 714 1189 nominqse
730 1100 852 1160 moleste
867 1101 943 1160 serre
958 1098 1091 1174 dicebat,
1111 1100 1186 1180 quod

70 1192 103 1243 73
124 1184 229 1243 iterum
251 1182 286 1241 ab
307 1183 428 1262 indigno
450 1185 543 1247 victus
563 1193 649 1246 esset.
690 1185 763 1245 Nam
784 1185 932 1245 Timanthi
955 1185 999 1244 vel
1014 1185 1185 1263 ,plurimum

123 1268 205 1328 alluit
225 1267 346 1344 ingenit,
373 1269 435 1329 eius
451 1269 528 1330 enim
549 1279 594 1331 est
615 1269 764 1349 Iphigenia
786 1277 934 1329 oratorum
956 1269 1096 1331 laudibus
1116 1270 1184 1331 cele·

122 1352 213 1425 brata,
229 1370 285 1431 qua
302 1361 396 1413 stante
412 1354 447 1413 ad
464 1373 528 1415 aras
543 1356 680 1435 peritura,
696 1374 762 1416 cum
779 1363 907 1415 maestos
922 1352 1069 1432 pinxisset
1085 1373 1184 1415 omnes

122 1437 336 1517 praecipueque
356 1447 494 1517 patruum
519 1449 547 1500 et
567 1440 699 1501 tristitiae
720 1457 839 1499 omnem
865 1438 1021 1518 imaginem
1046 1458 1184 1501 consum·

124 1521 241 1601 psisset,
256 1523 347 1601 patris
364 1523 457 1602 ipsius
474 1525 583 1585 vultum
600 1523 711 1595 volarit,
729 1543 816 1603 quern
832 1525 918 1602 digne
928 1541 988 1583 non
1002 1532 1121 1602 poterat
1137 1544 1185 1585 os-

123 1690 215 1740 nonen
229 1706 295 1755 war,
308 1692 408 1754 geheilt.
431 1691 481 1742 uns
492 1691 571 1742 hlotiv
583 1693 627 1742 des
718 1692 757 1741 72.
781 1690 858 1741 Lindi
867 1691 913 1741 aul
923 1686 1039 1760 Rhodos,
1052 1691 1107 1742 ebd.
1120 1689 1185 1742 int-

123 1757 236 1808 Achilles
247 1758 629 1826 beschreibtPl.25,42aerugi-
681 1769 776 1829 γρουπ
793 1760 831 1826 τῷ
848 1762 960 1810 πίνακι·
984 1761 1046 1816 οἱος
1063 1754 1090 1810 δ’
1110 1753 1185 1810 imi-

123 1842 182 1874 nem
193 1863 199 1875 .
212 1829 345 1893 pingitur
357 1843 373 1876 ο
382 1827 487 1894 cuspide
498 1828 628 1879 demetiens
678 1843 747 1894 χιον
765 1821 918 1896 φαντάζετο
936 1821 1059 1884 πολλάκι
1067 1828 1185 1891 ,φοιτῶν

121 1893 209 1958 gladio
219 1897 245 1943 in
256 1894 571 1962 cuhaurTelephi,vgl.3i‚
581 1897 628 1946 152
683 1898 838 1962 Παρρασίῳ
860 1889 900 1943 δι’
916 1888 1021 1957 ὕπνου,
1047 1899 1124 1950 τοῖος
1141 1889 1183 1945 ὅδ’

124 1966 164 2011 eat
175 1966 201 2011 et
211 1964 271 2012 rolli
289 1964 370 2029 oe'pea
378 1965 405 2012 in
417 1963 536 2014 remediis
552 1969 579 2014 et
590 1967 629 2014 sic
683 1959 758 2014 torti
770 1957 848 2029 ὁρᾶν.

119 2029 242 2095 proditur
250 1981 386 2097 ibiephum
395 2046 501 2080 sanasse
509 2031 629 2096 Achilles,
716 2033 820 2095 magma
833 2036 895 2080 statt
907 2029 1005 2095 multis,
1020 2031 1082 2081 weil
1092 2031 1119 2080 iu
1131 2031 1185 2097 sus·

122 2099 176 2146 eii-e
186 2097 215 2147 ai
224 2112 302 2148 aerea
310 2101 361 2148 eice
365 2100 462 2162 ferrea
471 2099 575 2167 cuspide
578 2101 628 2164 se·
679 2100 779 2163 fragiis
791 2099 830 2147 die
841 2098 987 2162 Bedeutuug
999 2098 1046 2148 der
1055 2098 1185 2149 Stimmen-

122 2167 173 2220 eit,·
184 2168 222 2212 ita
233 2170 302 2214 certe
312 2164 461 2232 depingitur
470 2183 504 2215 en
514 2183 544 2215 ea
553 2167 628 2218 deeu-
682 2166 806 2216 mehrheit
818 2165 946 2216 enthalten
958 2166 999 2216 ist.
1172 2199 1176 2206 -

123 2232 190 2280 tiens
200 2231 297 2294 gladio.
721 2232 853 2284 Timanthi
864 2249 909 2282 aus
924 2234 970 2283 der
981 2232 1051 2284 lusel
1062 2232 1184 2302 Kythnos,

157 2297 431 2364 linuit—reficiens,
446 2299 628 2351 ebenlallsaus
684 2297 755 2350 ei'uer
780 2303 826 2351 der
850 2301 990 2368 cycladem,
1016 2301 1079 2352 aber
1105 2303 1184 2352 wahr-

123 2364 226 2430 Deeulo‚
244 2380 333 2416 wovon
352 2366 447 2416 Sueten
463 2383 485 2417 a.
502 2382 525 2417 a.
540 2368 570 2419 0.
589 2370 629 2418 ein
683 2369 818 2418 seheinlicb
831 2371 856 2418 in
869 2370 961 2436 Sicyon
973 2369 1113 2433 wohnhait,

123 2433 232 2498 Beispiel
245 2434 305 2497 gibt.
331 2434 454 2486 llerSatz
468 2436 531 2499 totgt
544 2438 568 2486 in
581 2438 629 2486 den
717 2437 1185 2502 in—iudicio‚ineine1pGemiilde,

124 2500 198 2551 lldso.
213 2504 274 2552 nach
287 2507 368 2555 ra'ctuc
381 2509 455 2554 erret.
684 2506 729 2554 das
746 2506 792 2554 den
811 2505 970 2571 Wcttlrampi
989 2506 1034 2555 des
1050 2505 1120 2570 Ajax
1141 2505 1185 2555 und

159 2569 361 2637 habrodiaetum,
372 2573 395 2621 in
402 2573 481 2623 einem
487 2573 629 2640 Epigramm
685 2572 816 2639 Odysseus
825 2589 865 2623 um
875 2573 914 2622 die
924 2572 1026 2622 Walfen
1037 2575 1083 2623 des
1093 2574 1185 2625 Actius

126 2637 363 2705 (dehortantibus),
381 2642 425 2690 das
443 2641 483 2691 bei
499 2642 630 2692 Athen'a'ns
685 2641 829 2704 dorstellte,
853 2642 949 2691 welche
975 2643 1031 2691 dem
1057 2640 1184 2709 Odysseae

127 2704 158 2753 12
166 2722 193 2786 p.
208 2706 257 2755 543
271 2709 384 2758 erhaltcn
400 2708 434 2759 ist
451 2705 487 2776 ἁβ
506 2707 631 2766 adiectos·
685 2710 872 2774 zugesprocbeu
885 2709 997 2758 worden.

125 2767 196 2844 ἀνηρ
206 2768 343 2844 inachum
355 2778 442 2841 σέβων
452 2726 511 2829 coi}
524 2776 632 2847 ἔγραψε
719 2778 804 2827 herois
819 2805 852 2813 —
870 2781 945 2827 esset.
968 2776 1061 2828 Athen.
1077 2793 1102 2828 a.
1121 2792 1143 2827 a.
1159 2775 1185 2826 0.

124 2838 302 2910 Παρράσιος,
324 2844 430 2908 κλεινῆς
448 2843 587 2910 πατρίδος
603 2842 632 2903 ἐξ
686 2839 891 2913 ἀγωνιζόμενος
913 2861 983 2895 ποτε
1002 2843 1077 2926 πρὸς
1105 2861 1185 2895 κατα-

122 2901 251 2976 Ἐφέσου,
280 2911 333 2960 Der
349 2912 465 2960 Beluame
481 2914 561 2973 bezog
578 2913 631 2961 sich
686 2909 834 2982 δεέστερον
854 2911 884 2964 ἐν
901 2907 992 2981 Σάμῳ
1014 2929 1064 2965 τον
1078 2915 1186 2966 Αἴαντα

125 2975 171 3023 aul'
189 2977 259 3024 scine
280 2976 417 3043 lileidung,
443 2979 507 3026 deun
532 2974 632 3048 ἐφόρει
685 2980 731 3028 καὶ
743 2975 870 3044 ἡττηθεὶς
883 2977 1187 3050 συναχθομένωναῦτῷ

124 3036 183 3090 ὑπὸ
195 3043 303 3121 τρυφῆς
314 3042 480 3111 πορφυρίδα
492 3044 538 3094 καὶ
551 3042 633 3113 στρό-
678 3048 740 3099 πῶν
753 3048 844 3116 φίλων
857 3045 910 3117 ἔφη
925 3044 962 3104 ὡς
973 3043 1057 3105 αὐτὸς
1092 3048 1123 3101 ὲν
1132 3046 1186 3099 ὀλί-

125 3108 632 3251 mteterrimarum
680 3115 1088 3252 {triturantium

127 3259 184 3298 πας
204 3241 444 3313 ἐμπεπαισμένῳ,
461 3251 582 3316 χρυσοῖς
602 3265 631 3300 τε
720 3250 760 3299 ῖ3.
780 3255 834 3302 eius
846 3280 880 3288 —
893 3253 1036 3304 ostendere.
1063 3254 1115 3303 Das
1128 3252 1188 3315 But,

126 3306 631 3383 ἄνασπᾳστοῖςὲπέσφιγγετῶνβλαυ-
685 3319 725 3368 die
748 3318 877 3384 Oplernng
898 3321 943 3370 der
962 3320 973 3371 l
990 3322 1040 3383 hig:
1061 3321 1085 3370 in
1107 3321 1188 3383 Aulis,

126 3381 183 3431 τῶν
194 3375 259 3436 τοὺς
270 3375 438 3448 ἀναγωγέας,
451 3386 502 3434 und
514 3400 569 3435 war
581 3387 631 3435 ihm
685 3386 788 3436 riihmen
798 3386 856 3436 ¹Cic.
875 3395 939 3439 orat.
957 3338 998 3453 ii,
1010 3387 1069 3439 var,
1081 3388 1152 3439 Max.
1165 3388 1188 3452 8,

127 3451 191 3498 ohne
204 3447 313 3499 Zweilel
329 3466 378 3500 von
390 3450 492 3501 Andern
509 3454 630 3518 gegeben,
687 3453 726 3518 11,
740 3454 766 3520 6,
784 3470 824 3504 am
836 3465 990 3519 genauesteu
1004 3456 1150 3508 beschreibt
1162 3473 1189 3507 cs

127 3518 207 3566 denen
221 3518 287 3566 erin
303 3516 387 3580 jenem
400 3519 556 3585 Epigramme
573 3530 630 3572 ant·
686 3521 823 3586 Quintilian
836 3523 860 3587 2,
876 3524 914 3586 13,
935 3524 964 3573 1³
981 3526 1094 3590 ulfacii
1113 3528 1189 3589 Tim,

125 3591 243 3634 wortete.
685 3595 716 3640 ut
733 3594 836 3658 opinor,
855 3591 978 3658 Cythnius
994 3595 1021 3642 in
1039 3593 1126 3644 tabula
1141 3611 1191 3661 qua

159 3652 309 3732 aiiispue—
325 3661 535 3706 consummatam.
566 3657 629 3707 Ebd.
686 3658 787 3709 Coloten
808 3658 895 3710 Teium
909 3664 974 3711 citit.
1004 3659 1073 3712 Nam
1088 3679 1148 3712 cum
1164 3666 1190 3712 in

128 3716 152 3768 εἰ
165 3720 210 3768 καὶ
223 3714 330 3770 dacaru
339 3716 454 3772 κλύουσι
466 3725 536 3792 λέγω
550 3720 630 3777 τάδε·
685 3726 833 3794 iphigeniae
860 3729 1033 3779 immolatione
1058 3734 1192 3797 pina-imit

127 3786 201 3853 φημὶ
222 3781 276 3856 γὰρ
299 3782 353 3852 ἤδη
373 3791 471 3858 τέχνης
495 3787 632 3872 εὑρῆσθαι
686 3797 787 3845 tristem
801 3794 970 3859 Calchantem,
985 3801 1127 3848 tristiorem
1141 3798 1191 3851 titi-

126 3853 250 3932 ρέρματα
268 3853 352 3936 τῆσδε
370 3871 406 3908 σα
432 3861 448 3925 ἦ
465 3877 510 3927 χει
532 3879 562 3917 ος
583 3856 629 3930 ὑφ’
684 3863 1212 3931 uuir,addidissetlienelaoanensem·

125 3921 270 4003 νυκτέρου
284 3878 631 3997 ανυπέρβΐητοςδῖπέπη-
684 3947 756 3981 inum
773 3936 878 3999 poterat
895 3949 941 3983 arr
961 3935 1066 3999 efficere
1088 3951 1190 3986 maero-

124 4003 175 4055 νδν
187 4007 277 4060 011909.
684 4015 746 4064 rem
758 4004 915 4068 consumptis
926 4004 1069 4075 affectibus.
1079 4019 1132 4053 non
1150 4019 1191 4054 re-

44 4188 150 4245 ..ἊἾ
