2566 4576
377 345 443 397 uult
460 346 603 399 DllLPlllN
621 345 856 413 (mae-10).
1080 352 1138 416 123

86 499 158 560 talos
174 499 211 560 ad
225 499 376 560 visendum
396 499 572 560 venientium
585 501 792 581 Hipponenses
807 502 838 563 in
853 522 953 564 necem
973 505 1035 565 eius
1055 524 1139 566 com-

86 583 234 664 pulerunt.
264 585 337 645 Ante
350 584 422 644 haec
436 583 541 646 similia
559 585 595 645 de
613 604 705 664 puero
720 587 750 647 iu
764 587 830 648 laso
844 587 916 648 urbe
929 599 1137 663 memorantur,
1159 605 1191 654 at

87 668 170 730 cuius
189 687 291 730 amore
309 675 454 748 spectatus
478 669 567 748 longo
586 678 731 750 tempore,
757 673 827 732 dum
848 671 1001 735 abeuntem
1021 673 1139 735 inlitus

48 764 51 770 '
86 753 168 815 aride
184 749 323 832 sequitur,
338 753 369 813 in
384 772 501 815 arenam
517 754 645 816 invectus
657 756 824 835 exspiravit;
845 776 968 836 puerum
981 759 1140 819 Alexander

85 839 209 918 llaguus
221 838 366 918 Babylone
376 839 522 919 Neptunia
529 840 691 901 sacerdotio
706 841 843 920 praefecit
852 861 983 903 amorem
992 843 1072 903 illum
1083 862 1140 904 nu-

86 923 174 985 minis
189 923 309 1002 propitii
329 924 420 985 luisse
438 924 650 1003 interpretatus.
680 926 713 986 ln
733 926 833 987 eadem
851 927 923 988 urbe
937 927 1002 988 Iaso
1019 927 1139 1006 Hegesi-

86 1008 190 1069 demus
204 1008 305 1069 scribit
318 1015 346 1069 et
361 1009 448 1069 alium
467 1028 592 1087 puerum
606 1010 745 1071 Hermian
763 1011 883 1072 nomine
904 1012 1035 1074 similiter
1049 1014 1140 1076 maria

86 1093 332 1172 permutantem,
358 1112 424 1154 curn
446 1095 613 1173 repentinae
627 1096 779 1175 ”procellae
803 1096 937 1157 fluctibus
961 1098 1139 1159 exanimatus

80 1184 172 1251 esset,
187 1178 318 1253 relatum,
333 1178 559 1260 delphinumque
573 1199 691 1241 causam
705 1181 753 1241 leti
765 1181 901 1242 latentem
915 1199 976 1243 non
991 1202 1140 1245 reversum

85 1262 116 1323 in
129 1262 223 1324 maria
241 1271 325 1342 atque
340 1263 370 1323 in
386 1264 463 1324 sicco
483 1265 655 1342 exspirasse.
686 1265 751 1325 Hoc
769 1266 846 1326 idem
862 1274 890 1327 et
905 1267 1045 1346 Naupacti
1060 1269 1136 1329 acci·
1158 1279 1191 1329 28

86 1347 165 1410 disse
176 1347 399 1427 Theophrastus
414 1349 512 1423 tradit3
523 1367 577 1409 nec
591 1350 698 1409 modus
713 1349 926 1428 exemplorum:
953 1353 1053 1414 eadem
1067 1354 1138 1414 Am·

86 1432 218 1512 philochi
237 1441 266 1493 et
281 1433 431 1493 Tarentini
446 1434 481 1493 de
500 1433 597 1513 pueris
618 1434 821 1513 delphinisque
839 1444 966 1496 narrant.
996 1438 1077 1510 Quae
1096 1439 1138 1499 la-

87 1517 166 1579 daut
179 1525 214 1579 ut
228 1518 361 1579 credatur
375 1517 515 1578 Arionem
530 1537 646 1598 quoque
660 1519 869 1580 citharoedicae
884 1521 963 1594 artis,
978 1520 1139 1582 interlicere

85 1602 181 1664 nautis
196 1602 228 1663 iu
242 1602 316 1664 muri
330 1603 499 1683 parantibus
514 1604 550 1664 ad
565 1604 790 1682 intercipiendos
802 1604 864 1664 eius
877 1613 1024 1682 quaestus,
1040 1604 1138 1665 eblan-

86 1687 179 1749 ditum
193 1696 226 1748 ut
239 1689 322 1767 prius
337 1695 453 1749 caneret
467 1688 575 1750 cithara
595 1687 775 1768 congregatis
796 1699 882 1748 cautu
896 1688 1052 1768 delphinis,
1072 1709 1139 1750 cum

86 1791 117 1833 se
140 1772 258 1834 iecisset
275 1774 306 1833 in
325 1792 419 1847 mare,
438 1781 590 1853 exceptum
610 1773 647 1834 ab
666 1791 726 1834 uno
747 1773 909 1833 Taenarum
928 1773 959 1834 in
977 1774 1045 1835 litus
1070 1794 1138 1854 per-

85 1865 209 1919 rectum.

167 1942 223 2002 Est
237 1941 401 2021 provinciae
412 1942 610 2003 Narbonensis
625 1950 654 2003 et
668 1943 699 2003 in
709 1941 910 2003 Nemausiensi
921 1962 991 2021 agro
1003 1953 1138 2022 stagnum
1158 1955 1190 2005 29

85 2025 185 2088 Latera
202 2027 386 2106 appellatum,
402 2027 451 2087 ubi
466 2046 531 2088 cum
547 2029 666 2089 homine
682 2028 810 2109 delphini
826 2026 963 2089 societate
978 2028 1137 2106 piscantur.

86 2111 298 2181 lunumeravis
314 2111 454 2190 mugilum
469 2120 545 2173 stato
559 2121 692 2193 tempore
705 2113 837 2191 angustis
853 2113 983 2174 lancibus
999 2114 1093 2192 stagni
1107 2115 1137 2175 in

84 2214 165 2257 mare
190 2197 318 2275 erumpit
343 2196 493 2257 observata
519 2205 617 2258 aestus
642 2198 884 2278 reciprocatione3
910 2217 966 2277 qua
990 2199 1026 2259 de
1052 2218 1138 2261 causa

83 2280 235 2360 praetendi
253 2299 313 2341 non
335 2290 443 2361 queunt
462 2281 533 2343 retia
552 2302 641 2362 aeque
660 2285 766 2345 molem
787 2283 926 2363 ponderis
946 2284 1025 2345 nullo
1046 2285 1136 2346 modo

83 2432 223 2484 Provinzen
242 2433 416 2496 lreigehalten
451 2432 515 2483 Plio.
534 2433 584 2483 iun.
636 2436 768 2498 phraates,
782 2434 888 2484 Schiilar
897 2436 941 2484 des
950 2435 1102 2484 Aristoteles
1112 2435 1135 2484 in

85 2500 246 2568 conflaebemt
260 2501 296 2551 acl
310 2500 483 2569 spectaculum
500 2518 586 2551 omnes
640 2503 733 2552 seinem
746 2497 882 2569 ἐρωτικός.
901 2501 959 2565 Vgl.
973 2500 1038 2551 Gell.
1053 2502 1076 2565 7,
1090 2501 1113 2551 8.

83 2571 271 2635 matos,
297 2584 407 2634 quoram
431 2569 541 2620 adventa
561 2572 587 2617 et
673 2569 843 2638 Amphilochi,
855 2570 911 2618 eine
924 2567 1101 2620 Vb'lliersclralt
1111 2569 1137 2618 in

81 2637 267 2688 mammaeam
275 2638 426 2704 respublica
434 2640 505 2686 noem
514 2652 586 2687 eam·
639 2637 811 2700 Alamanniae,
832 2637 908 2685 deren
924 2637 1074 2701 llauptstadt
1084 2635 1153 2685 Ar-'

100 2706 167 2757 tabas
186 2707 354 2757 atterebabar.
384 2706 429 2755 Die
447 2704 586 2755 Wortstel-
639 2721 684 2769 gos
697 2706 772 2756 hiess.

80 2720 144 2839 fang
153 2772 531 2836 iotabsiehtlichverschrlinlt‚
543 2775 585 2822 c'e-
673 2775 806 2838 Arimara,
828 2773 900 2822 einen
919 2771 1064 2821 beniihmtcn
1082 2770 1137 2821 blu-

81 2842 209 2893 nimam
220 2857 268 2891 von
283 2845 442 2910 potestatum
458 2847 584 2904 getrennt.
638 2842 708 2892 siler
719 2842 768 2891 und
780 2841 884 2891 Dichter
894 2855 939 2889 aus
952 2838 1047 2889 Lesbos
1066 2840 1099 2889 im
1112 2838 1135 2887 7.

115 2908 159 2959 Yl.
178 2909 244 2974 Iaso,
256 2911 311 2960 aine
321 2909 395 2960 Stadt
406 2909 531 2958 inCarien
542 2909 588 2959 auf
637 2910 721 2960 Jahrb.
751 2910 825 2960 Scine
845 2907 1010 2958 wanderbare
1026 2907 1138 2971 Rettung

82 2977 155 3027 einer
175 2977 243 3028 lusel
266 2978 324 3027 hart
343 2992 383 3027 nm
402 2977 538 3027 Festlande
560 2978 584 3027 in
637 2978 701 3028 wird
718 2994 768 3029 von
785 2977 876 3028 Herod.
892 2977 913 3041 1,
927 2974 959 3025 23
972 2976 1082 3045 ancilib,
1103 2975 1137 3026 ist

82 3045 137 3095 den
149 3045 346 3109 gleichnamigen
358 3044 515 3096 Meerbusen.
637 3047 698 3096 aber
714 3047 755 3097 ein
768 3045 916 3109 Mlibrchen‚
934 3045 973 3095 ein
991 3044 1081 3095 darauf
1091 3044 1136 3095 hc-

116 3117 255 3180 spaciatus,
267 3112 421 3177 bewundert‚
434 3114 482 3164 wie
497 3112 537 3178 32,
552 3113 584 3162 60
639 3114 767 3178 ziigliches
780 3113 887 3166 Gedicht
897 3113 938 3164 bei
951 3113 1038 3163 helian
1052 3112 1092 3176 12,
1102 3112 1135 3161 45

83 3181 230 3250 rapitadiae
241 3181 387 3248 spectanda
637 3183 735 3232 unecht.

89 3256 93 3261 '
114 3264 243 3318 mmm,
266 3249 401 3315 Dionysias
418 3250 464 3299 mit
478 3247 582 3312 Nomen,
671 3251 730 3299 aith.
742 3253 815 3309 artis,
830 3249 870 3298 eiu
883 3246 985 3299 Genitiv
995 3248 1044 3298 wie
1057 3247 1097 3297 65.
1111 3248 1135 3311 7,

82 3319 145 3369 nach
156 3317 241 3380 Duris,
253 3316 344 3367 Athen.
359 3315 399 3380 13,
412 3333 434 3382 p.
447 3316 505 3367 606.
640 3316 695 3366 128.
714 3316 753 3381 25,
766 3317 789 3367 7.
807 3316 848 3378 30,
863 3314 902 3364 18.

113 3385 242 3456 procellae
250 3384 388 3452 flactibus,
405 3385 467 3457 cbep
480 3401 508 3435 so
525 3384 584 3437 Plu·
675 3383 826 3446 Taenarum,
839 3381 1040 3445 einVorgebirge
1052 3383 1077 3433 in
1086 3382 1136 3433 La·

81 3455 163 3505 tarch.
172 3453 271 3504 eollert.
281 3453 355 3502 anim.
365 3451 406 3502 36.
420 3451 584 3503 NaehAeliaa
637 3452 730 3501 lioniha
746 3452 792 3501 mit
807 3451 888 3500 elnam
906 3446 1010 3515 Tempel
1026 3450 1071 3499 des
1086 3449 1135 3501 Po-

83 3520 111 3586 6,
135 3522 166 3571 15
190 3536 245 3572 war
267 3522 312 3571 der
333 3517 421 3570 llnabe
444 3521 521 3570 durch
544 3521 584 3570 die
638 3519 731 3570 seidon.

82 3589 205 3653 otachligc
229 3586 432 3639 Schwimmlcder
456 3589 503 3638 des
525 3586 586 3637 Del·
672 3586 713 3636 29.
739 3583 928 3650 Nemeaea,
953 3582 1091 3634 Nemausus
1111 3585 1135 3634 h.

82 3658 157 3724 phiris
165 3657 313 3707 vernundet
321 3656 424 3706 worden
438 3656 488 3705 und
497 3657 584 3705 worda
637 3654 746 3706 Nismes.
758 3680 793 3691 -
803 3651 906 3716 aava,
917 3653 994 3702 durch
1003 3651 1075 3702 einen
1083 3648 1135 3704 tu-

83 3726 129 3777 aul
139 3726 223 3777 ciuem
238 3724 343 3790 Delphin
360 3723 457 3774 reitend
472 3723 584 3787 algebil-
638 3722 681 3773 nal
695 3722 740 3773 mit
761 3721 816 3772 dem
831 3720 917 3772 Moero
937 3718 1094 3786 verbunden,
1110 3719 1133 3785 j.

83 3793 139 3857 det,
155 3793 206 3844 wie
216 3793 242 3842 in
254 3793 324 3843 einer
338 3795 446 3844 sch‘dnen
459 3792 547 3842 Statue
559 3791 584 3841 in
639 3787 714 3855 dtang
725 3789 756 3840 de
768 3787 925 3853 Maguelone.

82 3859 189 3927 Neapel.
673 3874 763 3925 aeque,
779 3858 841 3907 auch
856 3872 930 3907 wenn
948 3857 987 3907 die
999 3856 1069 3908 llbbe
1085 3873 1135 3908 von

117 3929 160 3981 28.
179 3926 308 3994 Naupacti
326 3929 352 3978 in
369 3928 462 3979 Lohris
482 3943 522 3978 am
540 3928 585 3977 lio-
638 3927 686 3976 deu
698 3926 816 3977 schlaucn
828 3924 935 3976 Fischeu
951 3925 1018 3976 nicht
1032 3925 1136 3976 benutat

84 3996 240 4048 riuthiachen
261 3997 419 4049 Meerbusen.
443 4000 478 4033 —‘
504 3993 586 4047 Tbeo·
637 3994 733 4046 wh'rde.
