2566 4576
366 323 422 374 nm
439 322 571 375 rnnnnn
589 322 647 389 ux,
660 322 700 391 35,
713 323 860 391 54-11).
1077 329 1136 392 129

83 486 187 560 partus
201 478 353 558 multiplici
368 484 504 539 constant
518 485 597 552 cute,
616 495 678 543 non
695 477 858 559 improprie
873 479 976 541 callum
990 491 1023 542 ut
1036 482 1136 543 existi-

84 563 158 626 mari
174 563 310 643 corporis
321 562 434 643 possit3
447 561 542 642 itaque
553 571 759 642 epurgantura
775 564 885 643 peritis,
899 564 975 626 miro
989 565 1056 645 ipso
1070 578 1136 629 tan-

84 656 148 710 tum
163 666 216 710 cas
231 648 311 709 caelo
327 648 464 727 gaudere,
485 647 547 708 sole
567 649 714 709 rufescere
732 649 947 729 candoremque
964 652 1085 729 perdere
1105 660 1158 714 utx

83 751 193 813 corpus
208 734 380 794 humanum.
407 733 502 806 Quare
517 733 705 812 praecipuum
716 734 885 795 custodiunt
898 735 1035 814 pelagiae,
1050 736 1135 799 altius
1157 746 1205 799 tot

82 836 199 881 mersae
221 836 308 896 quam
328 827 361 879 ut
379 824 533 896 penetrent
550 816 638 892 radii3
658 818 818 879 flavescunt
837 828 934 880 tamen
955 828 984 881 et
1004 821 1067 882 illae
1087 841 1136 884 se-

82 911 167 965 necta
188 902 327 982 rugisque
346 909 532 981 torpescunt,
555 919 610 963 neo
628 901 686 962 nisi
704 902 735 962 in
754 903 868 965 iuventa
888 911 1002 966 constat
1021 905 1068 967 ille
1087 906 1137 986 qui

82 987 231 1068 quaeritur
242 987 332 1067 vigor.
358 986 548 1048 crassescunt
562 987 647 1048 etiem
659 987 690 1048 in
704 997 820 1048 senecta
836 989 1014 1069 conchisque
1028 991 1136 1052 adhae-

81 1080 217 1146 rescunt,
235 1090 291 1134 nec
306 1072 353 1133 his
367 1071 448 1133 evelli
464 1079 573 1151 queunt
588 1072 646 1133 nisi
661 1072 739 1133 lima.
766 1073 879 1145 Quibus
894 1093 952 1136 una
963 1082 1077 1136 tantum
1091 1083 1137 1138 est

82 1156 170 1219 iacies
187 1163 218 1218 et
232 1157 267 1218 ab
282 1176 314 1218 ea
334 1157 510 1231 rotunditas,
530 1157 638 1218 aversis
653 1156 801 1236 planities,
822 1158 860 1218 ob
875 1158 903 1219 id
917 1160 1065 1238 tympania
1078 1179 1135 1222 no·

84 1241 242 1303 minentur.
281 1241 474 1304 cohaerentes
490 1241 622 1303 videmus
641 1241 672 1302 in
693 1242 812 1303 conchis
831 1243 885 1305 hac
904 1244 971 1304 dote
990 1252 1137 1323 unguenta

83 1325 362 1388 circumferentibus.
389 1327 492 1388 Cetero
503 1327 533 1387 in
544 1346 618 1407 aqua
628 1326 726 1387 mollis
737 1327 818 1400 unio,
833 1338 985 1407 exemptus
1000 1331 1135 1408 protinus

83 1411 221 1473 durescit.

168 1495 288 1557 Concha
306 1495 371 1575 ipsa
391 1514 458 1556 cum
478 1513 598 1556 manum
616 1494 687 1556 vidit
706 1495 875 1575 comprimit
898 1516 963 1558 sese
983 1498 1135 1578 operitque
1158 1510 1207 1561 1111

84 1598 157 1661 opes
178 1598 248 1642 suas
267 1598 356 1658 gnara
376 1588 497 1660 propter
514 1577 577 1640 illos
598 1598 630 1640 se
643 1579 716 1659 peti,
736 1598 914 1661 manumque
928 1582 953 1642 si
973 1581 1138 1660 praeveniat

84 1664 143 1727 acie
158 1683 214 1727 sua
228 1665 365 1736 abscidat,
381 1664 459 1725 nulla
473 1664 595 1725 iustiore
608 1682 715 1744 poena,
730 1672 758 1725 et
772 1665 834 1726 aliis
849 1665 960 1727 munita
975 1665 1136 1745 suppliciis,

84 1749 194 1831 quippe
209 1750 287 1811 inter
306 1749 446 1829 scopulos
466 1748 561 1810 maior
574 1768 644 1829 pars
658 1749 817 1823 invenitur3
836 1749 866 1810 in
881 1751 938 1811 alto
953 1769 1070 1830 quoque
1084 1771 1136 1813 co-

83 1836 225 1897 mitantur
239 1833 361 1896 marinis
376 1834 507 1908 canibus,
522 1853 577 1896 nec
591 1843 688 1894 tamen
702 1852 787 1895 aures
804 1835 976 1897 seminarum
992 1845 1135 1897 arcentur.

83 1919 207 1997 Quidam
223 1920 341 1981 tradunt
355 1919 432 1980 sicut
444 1919 548 1998 apibus
562 1919 601 1980 ita
617 1919 794 1980 concharum
810 1919 992 1981 examinibus
1008 1920 1135 1999 singulas
1158 1933 1204 1986 111

82 2003 284 2084 magnitudine
298 2016 327 2065 et
342 2011 481 2065 vetustate
500 2004 672 2084 praecipuas
694 2022 760 2091 esse
779 2003 865 2066 veluti
885 2005 974 2066 duces
994 2004 1085 2066 mirae
1099 2007 1137 2068 ad

83 2089 243 2151 cavendum
262 2089 418 2162 sollertiae3
432 2090 486 2150 has
500 2089 680 2151 urinantium
700 2108 769 2150 cura
788 2089 856 2169 peti,
875 2089 929 2151 illis
949 2089 1042 2169 captis
1057 2089 1137 2152 laeile

84 2182 196 2237 ceteras
215 2173 348 2253 palantes
369 2173 478 2236 retibus
499 2174 621 2250 includi,
646 2175 739 2235 multo
763 2175 868 2236 deinde
891 2176 1009 2237 obrutas
1030 2175 1088 2237 sale
1106 2175 1138 2236 in

117 2341 176 2404 tue.
193 2344 365 2394 miro=cum
375 2343 463 2394 mirum
471 2344 512 2394 sit
530 2345 584 2395 cole
635 2349 789 2405 aussetznng
808 2343 918 2406 cintritt,
941 2344 990 2394 wie
1009 2344 1042 2392 im
1063 2341 1138 2394 Gric-

82 2408 227 2474 Gegcnsatz
239 2410 427 2477 znipeocaolo,
636 2410 750 2459 chiscben
772 2410 796 2460 el
821 2412 866 2460 mit
889 2412 944 2460 dem
965 2410 1067 2476 Optativ
1087 2410 1137 2460 und

116 2477 175 2528 1⁰9.
191 2477 315 2545 pelagiae.
327 2477 583 2529 lsidorusbeihtben.
637 2477 670 2526 im
692 2476 817 2527 Nocbsatz
839 2478 885 2527 dor
905 2477 1008 2544 Optativ
1028 2478 1074 2527 mit
1092 2469 1137 2528 ἄν.

81 2543 105 2613 θ,
129 2581 137 2595 .
150 2545 184 2595 ut
193 2539 209 2611 ἦ
218 2541 353 2613 ἐμβύθιος
361 2549 448 2597 πίννα
457 2544 585 2614 canopeo-
637 2543 706 2593 llbon
720 2558 749 2592 so
761 2543 820 2605 285
830 2547 857 2594 in
869 2549 926 2611 quis
936 2559 989 2596 unu
999 2547 1138 2610 ratiogoo-

80 2561 129 2665 “l
178 2617 260 2664 ποιεῖ
273 2613 319 2663 καὶ
330 2608 531 2681 καθαρωτάτην
539 2614 585 2664 καὶ
636 2614 758 2662 metricae
773 2611 923 2663 collectionis
937 2615 1022 2679 poerit
1034 2627 1086 2662 non
1096 2628 1139 2663 re·

80 2675 208 2802 peyrilqv
226 2681 310 2749 γεννᾷ
329 2684 506 2751 μαργαρῖτιν.
533 2682 584 2733 llas
635 2679 747 2748 punituri,
759 2679 1007 2731 ricuib'boataltius
1018 2680 1070 2730 ictu
1078 2695 1140 2747 per·

105 2749 294 2813 orbcrssebende
321 2749 357 2800 ist
383 2764 430 2799 ans
453 2749 585 2800 derselben
637 2750 716 2813 ecqud.
739 2745 820 2796 lsidor
830 2762 853 2798 a.
867 2763 891 2798 o.
904 2747 935 2797 0.
947 2741 1140 2799 κινδυνεύουσι

81 2814 174 2884 Quellc
186 2823 351 2867 cntnommen.
639 2809 666 2864 δ’
682 2815 711 2865 ol
726 2816 867 2882 θηρῶντες
881 2809 946 2871 τοὺς
955 2816 1138 2884 μαργαρίτας,

114 2886 216 2936 worm
222 2884 305 2948 Dacia,
315 2884 383 2935 nicht
391 2885 538 2964 vcnqm'dus
547 2889 588 2936 cet
639 2876 707 2934 ὅταν
719 2883 758 2940 εἰς
766 2879 900 2951 κεχηνότα
912 2879 1016 2951 κόγχον
1026 2878 1083 2933 κατ’
1094 2877 1140 2935 εὖ·

80 2951 215 3016 abbingig.
231 2954 422 3022 tyrnpmoiavcn
431 2968 586 3023 τυμπανον,
638 2949 677 3003 θύ
695 2948 836 3004 ἐκτείνωσι
849 2945 994 3020 τὴνχεῑρα·
1006 2945 1072 3023 μύει
1084 2946 1140 3023 γὰρ

80 3021 129 3073 der
139 3018 233 3071 Peuke.
639 3016 708 3082 τότε,
719 3021 764 3071 καὶ
773 3014 907 3077 πολλάκις
916 3020 945 3070 ol
954 3013 1084 3071 δάκτυλοι
1092 3014 1141 3071 αὖ·

114 3088 165 3139 Ιταο
186 3087 258 3148 doto3
279 3103 368 3152 wesen
388 3089 473 3139 dieser
496 3104 586 3153 eusgc-
639 3091 695 3140 τῶν
706 3083 923 3160 ἀπροπρίονται,
932 3088 1141 3153 vpLAelianbist.

82 3155 399 3220 zeicbnotenlligenscheit
407 3157 587 3208 bonutztemun
639 3158 713 3208 enirn·
728 3156 768 3221 10,
779 3156 821 3207 20.

82 3223 123 3275 dle
135 3223 255 3285 Sebulen,
276 3239 361 3274 weron
378 3224 418 3279 die
430 3224 520 3275 l’erlcn
533 3225 587 3275 hin·
673 3240 751 3276 cures
760 3252 793 3261 -
802 3229 924 3277 arcentur
939 3225 975 3276 ist
985 3231 1085 3290 gesupt,
1101 3223 1140 3274 als

82 3306 141 3357 gen,
151 3291 514 3343 umSalbenenlznbewahren.
531 3293 586 3358 doe,
641 3293 672 3343 ob
688 3293 728 3342 die
744 3292 843 3343 Fruuen
860 3293 942 3343 selbot
956 3292 997 3342 dio
1014 3290 1140 3343 Geluhren

81 3374 137 3410 m
150 3359 190 3409 sie
203 3359 339 3424 emplicblt,
353 3360 403 3410 wie
417 3361 473 3411 eine
485 3360 587 3426 Mitgtlc,
640 3377 673 3410 zu
685 3360 803 3410 hesteben
814 3360 909 3421 mitten,
920 3361 966 3410 mit
972 3359 1085 3410 weleben
1095 3359 1143 3409 der

82 3426 268 3491 Aucstattunffi
280 3427 343 3478 eben
355 3443 383 3477 so
395 3425 491 3494 5112.
640 3426 1142 3490 Schmuckihrcrobrcngewonncnwind.

119 3494 178 3546 111).
195 3497 222 3546 α’
233 3497 394 3563 pramcniat,
414 3497 460 3546 che
477 3495 517 3546 die
532 3496 587 3547 llu-
641 3494 757 3547 Manilius
775 3496 798 3561 5,
814 3493 861 3544 391
881 3509 938 3544 vom
957 3492 1143 3544 Perlonilschcr

83 3561 154 3613 scbcl
180 3561 234 3613 sich
258 3564 421 3628 gescblossen
448 3565 499 3614 but.
537 3564 588 3615 llus
641 3566 810 3628 cumqueeue'e
818 3559 1142 3613 dontibuceoncboecallo·

82 3629 195 3681 Priscus
212 3631 258 3681 des
274 3630 436 3695 Coniunctivs
454 3631 479 3680 in
495 3631 588 3682 diesem
641 3648 689 3698 que
710 3632 817 3682 latentes
839 3630 972 3698 protrudit
995 3632 1140 3679 θιαααιατ.

83 3697 292 3765 hypothetischen
314 3699 389 3749 Srtzo
410 3698 502 3749 dr'dcht
520 3700 589 3751 nicht
641 3700 706 3750 lloss
718 3700 757 3749 dio
770 3699 861 3749 Perlen
877 3713 925 3749 von
942 3697 1081 3748 llaidscben
1098 3696 1142 3747 bo-

84 3764 133 3816 den
151 3763 287 3817 Gedenken
304 3782 361 3831 aus,
377 3768 436 3817 dese
453 3773 533 3818 etwas
549 3768 588 3818 als
640 3767 729 3831 gleitet
741 3768 851 3829 werden,
863 3766 963 3817 omiiblt
973 3766 1035 3816 auch
1047 3764 1141 3817 Proco-

83 3833 192 3896 mb'slicb
210 3832 350 3885 cheobtes
370 3836 438 3885 nieht
454 3835 522 3887 Statt
541 3835 589 3885 lin-
640 3837 695 3902 pius
717 3835 747 3886 de
767 3835 834 3885 bello
851 3834 953 3886 Persico
971 3834 994 3900 1,
1011 3833 1029 3884 4
1054 3834 1100 3899 (im
1117 3833 1141 3885 6.

84 3900 132 3952 den
147 3900 225 3964 vird,
242 3904 349 3953 sondern
366 3903 405 3953 die
418 3902 587 3968 llb'glicbkeit,
640 3904 724 3954 lubrb.
740 3920 764 3954 n,
777 3902 823 3967 (1.1.

62 4019 70 4024 .
85 3968 182 4020 welche
193 3976 269 4020 noter
284 3969 355 4021 einer
370 3971 509 4035 mdglicbcn
520 3971 586 4025 Vor-
676 3972 731 4023 lll.
746 3969 1141 4037 demn-tndudillegasthe-

139 4050 302 4099 cbrutomau.
317 4051 430 4099 Pliniana.
926 4057 943 4108 ⁹
