2566 4576
251 354 770 421 nrnrnlmuntxn‚1‚1-·a‚e).
979 361 1039 422 175
1096 391 1105 404 ,

64 525 119 569 mis
133 508 280 588 Rhegium
298 510 329 570 in
348 508 452 571 urbem
472 509 619 570 transtulit
639 528 687 570 eas
704 509 811 570 domus
827 528 897 572 suae
912 511 1039 573 miracu-

72 593 125 654 ubi
144 602 248 673 postea
267 596 375 656 lactum
390 596 587 674 gymnasium,
607 612 662 655 nec
678 595 811 673 potuisse
825 593 856 655 in
871 594 1038 674 amplitudi-

65 696 221 757 augesoerc
241 686 291 740 aut
310 679 380 740 alias
399 679 491 739 luisse
509 679 540 738 in
559 678 637 739 ltalia
657 698 691 740 ac
708 677 883 740 nominatim
898 679 1039 758 Hispania

70 774 206 823 auctores
222 760 376 825 invenitur.

64 845 126 908 Hoc
149 856 247 909 actum
267 849 343 908 circa
362 855 462 926 captae
480 846 563 908 urbis
583 855 717 919 aetatem,
743 855 914 927 tantumque
933 856 1037 927 postea
1057 857 1073 907 8

64 931 99 992 ris
129 932 251 992 increvit
278 940 311 993 ut
338 950 421 993 mero
447 932 545 992 inldso
571 932 768 1007 enutriantur,
798 940 982 1010 compertum
1007 934 1037 994 id

64 1035 101 1076 ne
127 1017 270 1094 prodesse
296 1017 455 1092 radicibus,
481 1017 693 1097 docuimusque
719 1018 805 1078 etiam
831 1016 951 1078 arbores
971 1018 1037 1079 vina

64 1119 84 1161 e.

64 1183 224 1247 Celebratae
244 1193 327 1246 sunt:
348 1186 478 1266 primum
497 1187 529 1246 in
547 1179 743 1247 ambulatione
762 1187 925 1247 academiae
943 1186 1035 1248 Athe·
1055 1196 1071 1245 9

64 1268 210 1330 rbitorum
229 1290 320 1330 xxxin
340 1271 436 1332 radice
456 1289 556 1331 ramos
573 1271 766 1331 antecedente.
800 1270 886 1331 Nunc
900 1280 945 1332 est
960 1272 1036 1333 dara

64 1353 120 1426 cia,
136 1354 226 1414 tontis
242 1355 328 1432 gelidi
343 1355 423 1415 socia
438 1355 620 1426 amoenitate,
635 1353 732 1413 itineri
747 1354 881 1431 apposita
896 1355 1037 1417 domicilii

81 1456 164 1511 cava,
178 1457 254 1498 cxxx
270 1447 356 1517 atque
370 1439 458 1498 unius
473 1438 581 1517 pedum
597 1455 696 1516 specu,
712 1454 873 1497 nemorosa
887 1439 993 1499 vertice
1008 1448 1037 1500 et

64 1519 110 1583 rtis
126 1530 286 1600 protegens
302 1523 392 1583 ramis
407 1522 547 1583 arborum
561 1521 663 1595 instar,
684 1540 772 1600 agros
787 1521 883 1599 longis
899 1521 1034 1584 obtinens

64 1605 97 1679 is,
113 1624 148 1666 ac
161 1623 198 1666 ne
213 1607 282 1684 quid
297 1607 372 1667 de'sit
385 1607 541 1686 speluncae
554 1606 682 1685 imagini,
697 1625 799 1667 saxeae
812 1605 893 1666 intus
908 1607 1034 1684 crepidi·
1057 1615 1087 1665 to

64 1709 150 1752 >rona
164 1708 322 1752 muscosos
338 1692 489 1770 complexa
503 1690 650 1770 pumices,
671 1698 730 1751 tam
746 1691 832 1767 digna
846 1690 988 1751 miraculo
1003 1699 1037 1752 ut

66 1794 101 1837 us
121 1775 274 1836 Mucianus
294 1783 345 1857 ter,
362 1777 467 1836 consul
490 1783 519 1835 et
538 1794 633 1854 nuper
652 1774 818 1854 provinciae
839 1775 903 1835 eius
923 1775 1034 1853 legatus

64 1861 160 1922 ndum
180 1861 267 1922 etiam
287 1860 415 1938 posteris
434 1860 543 1939 putarit
562 1861 710 1939 epulatum
729 1859 806 1920 intra
826 1877 891 1919 eam
912 1876 945 1919 se
967 1878 1034 1922 cum

64 1945 208 2005 tricesimo
235 1946 356 2018 comite,
382 1946 459 2022 large
482 1945 545 2024 ipsa
566 1954 649 2006 toros
669 1944 826 2024 praebente
844 1943 972 2018 frondis,
998 1945 1034 2005 ab

69 2028 167 2089 afflatu
183 2048 332 2104 securum,
348 2038 499 2109 optantem
514 2030 654 2091 imbrium
668 2047 722 2108 per
736 2029 804 2090 lolia
819 2027 958 2106 crepitus,
974 2029 1034 2090 lae-

64 2130 76 2173 1
95 2130 184 2193 quam
204 2132 388 2175 marmorum
407 2114 517 2186 nitore,
536 2115 667 2193 picturae
686 2114 835 2187 varietate,
853 2113 1033 2192 laquearium
1124 2123 1129 2129 ’

64 2196 200 2261 cubuisse
214 2198 245 2258 in
260 2198 370 2260 eadem.
393 2199 478 2260 Aliud
493 2199 657 2278 exemplum
673 2198 735 2260 Gaii
750 2197 894 2278 principis
909 2197 940 2258 in
955 2197 1031 2259 Veli·
1052 2208 1080 2257 11

83 2301 154 2344 mue
182 2282 278 2344 mirati
306 2284 394 2344 unius
424 2284 548 2346 tabidata
578 2284 698 2363 laxeque
723 2302 876 2344 ramorum
902 2283 1032 2345 trabibus

64 2498 475 2619 mlitlaltttttlt
529 2502 1006 2619 ⁸⁰22i¹¹ibbi⁰¹¹⁸sild⁸zd⁰biim

67 2634 206 2702 Dionysius
215 2585 474 2703 eidem-postea
565 2635 604 2685 10.
632 2650 716 2703 nuper
725 2583 770 2672 g—
790 2635 900 2699 legatus.
934 2635 1031 2700 Lyoicn

64 2703 126 2755 tm
146 2703 281 2767 Bclreiung
308 2703 342 2752 im
365 2703 388 2753 J.
414 2702 472 2753 351.
526 2704 614 2752 nunde
628 2710 703 2753 unter
720 2701 838 2751 Claudius
860 2718 906 2752 zur
921 2701 1031 2752 Provinz
1123 2729 1125 2734 ·

64 2773 141 2835 sion,
152 2770 347 2838 Ucbuugsplatz.
527 2771 641 2833 gemacht
657 2770 707 2820 und
723 2769 769 2820 mit
780 2769 835 2819 dem
848 2769 1031 2820 benacbbarteu

64 2839 339 2903 utquerkwiirdigcs
349 2838 472 2889 blissver-
526 2838 687 2905 Pampbglion
704 2852 846 2888 zusammen
863 2837 918 2887 dem
935 2836 1032 2886 blucia-

64 2910 95 2958 Ὧι
110 2906 156 2957 des
169 2905 328 2972 Theophrast
347 2910 473 2959 σπανίαν
525 2923 572 2956 nus
589 2906 628 2956 als
639 2905 764 2970 Leguten,
781 2905 840 2955 weil
856 2921 884 2955 es
896 2905 965 2954 nicbt
976 2904 1031 2954 eino

68 2971 101 3026 ἐν
109 2968 212 3040 Ἰταλίᾳ
225 2969 312 3044 πάσῃ.
526 2974 709 3040 senatoriscbe,
742 2974 851 3023 sondern
881 2972 1030 3023 laiscrlicbe

64 3044 157 3095 Μ-
168 3047 280 3093 aetatem
295 3043 357 3092 nacb
374 3041 420 3105 33,
440 3042 471 3092 16
524 3042 633 3092 Provinz
644 3056 707 3106 war,
719 3041 841 3105 gegeben.

64 3108 385 3161 Moersurt=3ton
400 3109 427 3159 C.
559 3111 778 3174 cum-comite,
796 3110 819 3158 d.
833 3111 856 3158 b.
874 3123 965 3160 ausser
981 3107 1031 3157 ibm

64 3192 83 3243 i,
106 3176 219 3228 Macrob.
237 3178 263 3243 2,
281 3178 298 3227 9
318 3178 471 3228 Hortensius
526 3176 699 3240 l'chrsonen,
711 3177 766 3227 also
779 3177 843 3226 zwei
856 3177 925 3226 volle
937 3174 1029 3226 Tricli-

64 3261 83 3297 ιε
93 3261 157 3296 suaa
170 3248 230 3296 cono
241 3248 355 3312 imgare
365 3262 471 3297 cornuo-
524 3246 582 3294 nien
594 3261 626 3295 nn
637 3245 653 3294 9
665 3245 803 3294 Personen.

560 3316 700 3380 optantem,
717 3311 776 3360 weil
789 3309 843 3360 dies
856 3310 930 3359 ibnen
943 3308 1030 3360 'l'alel-

64 3381 199 3434 oadenu'ao.
228 3379 256 3431 In
273 3383 319 3431 der
334 3381 471 3432 Akademic
524 3379 606 3428 musik
621 3392 740 3442 gewesen
756 3377 839 3441 wire,
862 3378 927 3426 obno
944 3377 981 3426 sic
998 3393 1028 3426 zu

64 3449 164 3513 ln‘ssos,
173 3448 292 3499 woPlato
302 3450 392 3512 lebrte,
403 3456 472 3500 stan·
525 3445 674 3508 belistigen.

64 3531 100 3568 ur
117 3518 180 3567 nucb
197 3532 245 3568 vor
257 3515 350 3566 Sulla's
363 3516 471 3566 Zerstd-
561 3513 600 3562 11.
636 3511 783 3572 Veliterno,
807 3511 848 3561 bei
868 3510 987 3572 Volitr'd,
1007 3509 1028 3573 J'.

64 3591 173 3648 atamen,
190 3585 231 3634 dic
243 3584 299 3634 bier
309 3584 471 3634 bescbriobc-
524 3579 647 3642 Vellctri,
665 3595 697 3629 an
713 3579 759 3628 der
770 3576 887 3626 Siidseite
904 3577 949 3626 des
961 3576 1030 3627 alba·

64 3668 92 3703 nr
107 3654 169 3702 nucb
186 3651 346 3717 Theophrast
363 3651 390 3716 1,
405 3651 419 3698 7
436 3651 470 3700 im
524 3649 626 3698 niscben
640 3645 771 3710 Gobirgcs.

64 3734 134 3770 nam
146 3718 246 3782 llissos,
263 3734 303 3769 wo
315 3719 470 3769 Aristoteles
559 3714 673 3766 tabulato
697 3714 732 3763 ist
756 3712 812 3762 bier
831 3712 877 3762 der
896 3711 1028 3763 brettemo

64 3802 91 3851 ge
102 3787 173 3838 biclt.
524 3782 684 3847 Fussbodon,
705 3782 753 3830 den
774 3780 830 3830 eine
845 3787 936 3830 untcre
951 3779 1029 3831 lleibo

64 3869 143 3906 ormo
155 3853 273 3905 XXXIII
282 3853 369 3905 radico
380 3856 471 3919 gebb'rt
524 3868 574 3903 von
583 3850 686 3914 Aeeten,
698 3864 803 3900 swano
815 3848 855 3897 die
865 3848 957 3914 lliinko,
967 3848 1032 3901 wel·

64 3938 121 3984 ren3
154 3922 316 3973 mrtecodonte
344 3923 389 3972 der
412 3923 471 3973 Zeit
525 3921 570 3970 ebe
587 3919 642 3968 cine
660 3917 736 3967 obere
749 3917 851 3981 darbot,
868 3916 1030 3980 lamogobbrt

64 3989 121 4040 weil
144 3989 183 4040 die
200 3989 325 4041 Wurzoln
342 3992 403 4041 nacb
422 3990 468 4042 Tb.
524 3985 668 4055 zupauitm
683 3984 801 4050 melculo,
815 3985 861 4034 der
873 3983 1027 4050 Speisesaal.
