2566 4576
134 382 196 446 398
280 381 335 432 nm
346 370 847 441 waumvuunanmnuarrruu
860 372 1040 428 rismum

134 536 296 615 indigenae,
311 540 483 612 exstantque
498 532 594 594 adhuc
607 530 743 611 reliquiae
758 530 830 605 eius,
845 548 911 592 cum
926 527 1031 591 Cretici
1046 527 1192 610 Italicique

81 633 112 684 91
134 623 212 683 nulla
231 621 351 701 vestigia
370 625 492 681 exstent.
526 618 658 696 Namque
677 624 705 677 et
723 616 854 680 ltalicum
874 615 931 677 dici
950 616 1089 676 convenit
1107 632 1192 695 quem

135 707 202 768 lecit
216 705 271 767 sibi
285 705 411 767 Porsina
425 723 475 766 rex
489 703 621 765 Etruriae
637 702 762 782 sepulcri
776 720 878 775 causa,
898 701 985 762 simul
1006 709 1041 762 ut
1054 707 1192 763 externo·

134 811 200 854 rum
221 809 322 869 regum
343 790 453 852 vanitas
473 807 590 868 quoque
609 788 686 848 ltalis
703 795 866 867 superetur.
901 786 961 848 Sed
981 805 1050 848 cum
1078 787 1193 848 excedat

135 877 234 938 omnia
249 876 429 948 fabulositas,
443 882 562 936 utemur
575 873 667 953 ipsius
678 875 715 935 Μ.
728 872 867 934 Varronis
882 872 913 933 in
928 872 1117 952 expositione
1130 889 1192 933 rer-

134 963 196 1034 bis:
217 962 369 1041 „sepultus
390 959 445 1021 sub
460 959 532 1020 urbe
547 958 659 1032 Clusio,
678 959 709 1019 in
725 976 784 1038 quo
799 959 865 1019 loco
881 964 1113 1018 monumentum
1128 957 1191 1018 reli·

135 1046 198 1128 quit
211 1046 305 1124 lapide
319 1045 459 1125 quadrato
475 1044 664 1123 quadratum,
680 1044 793 1122 singula
808 1038 904 1105 latera‘
912 1043 1022 1122 pedum
1039 1044 1191 1117 tricenum,

136 1133 192 1193 alta
207 1131 443 1210 quinquagenum
458 1129 546 1208 inque
562 1128 626 1189 basi
640 1129 778 1208 quadrata
793 1128 872 1190 intus
892 1127 1092 1207 labyrinthum
1112 1128 1190 1190 inex·

82 1225 115 1276 92
136 1216 368 1294 tricabilem,quo
382 1216 406 1276 si
419 1214 483 1295 quis
499 1213 643 1274 introierit
654 1214 717 1274 sine
728 1214 858 1294 glomere
869 1213 930 1285 lini,
941 1213 1052 1275 exitum
1064 1214 1191 1275 invenire

134 1309 267 1380 nequeat.
284 1301 382 1379 Supra
396 1300 424 1359 id
441 1300 616 1379 quadratum
631 1299 798 1379 pyramides
813 1308 892 1360 stant
907 1298 1052 1379 quinque,
1069 1305 1190 1379 quatuor

134 1385 279 1466 inangulis
291 1395 320 1446 et
329 1386 359 1446 in
369 1385 467 1446 medio
477 1385 624 1458 una,imae
633 1384 706 1446 latae
716 1384 825 1464 pedum
836 1385 958 1465 quinum
969 1392 1190 1465 septuagenum,

136 1471 208 1532 altae
228 1478 345 1532 centum
369 1470 620 1549 quinquagenum,
640 1471 681 1530 ita
700 1471 849 1549 fastigatae
868 1469 950 1530 utin
970 1486 1097 1531 summo
1115 1469 1190 1531 orbis

136 1575 243 1618 aeneus
260 1565 288 1617 et
302 1563 422 1636 petasus
438 1573 515 1616 unus
532 1554 669 1616 omnibus
685 1544 723 1615 sit
737 1555 908 1634 impositus,
923 1573 959 1615 ex
972 1573 1032 1634 quo
1048 1555 1192 1635 pendeant

136 1649 238 1722 exapta
255 1641 364 1703 catenis
379 1640 552 1701 tintinabula
567 1657 640 1718 quae
654 1648 740 1701 vento
756 1640 861 1720 agitata
880 1641 968 1719 longe
982 1641 1102 1701 sonitus
1118 1642 1191 1701 refe-

83 1735 115 1787 93
135 1737 211 1799 rant,
227 1735 260 1787 ut
270 1727 411 1787 Dodonae
423 1726 493 1786 olim
505 1726 621 1786 sactum.
639 1726 734 1805 Supra
746 1744 834 1804 quem
850 1726 954 1787 orbem
965 1733 1093 1805 quatuor
1107 1743 1191 1806 pyra·

135 1811 230 1872 mides
244 1811 368 1891 insuper
382 1809 513 1889 singulae
527 1817 605 1871 stant
619 1808 691 1871 altae
705 1810 816 1890 pedum
833 1819 998 1884 centenum,
1013 1829 1107 1890 supra
1123 1826 1193 1891 quas

135 1913 195 1958 uno
208 1897 273 1957 solo
288 1896 416 1976 quinque
428 1896 625 1975 pyramides,“
638 1914 762 1974 quarum
774 1895 955 1958 altitudinem
963 1896 1127 1958 Varronem
1138 1914 1192 1975 pu-

135 1981 198 2043 duit
206 1982 343 2054 adiicere3
352 1981 463 2043 fabulae
471 1981 612 2042 Etruscae
623 1981 743 2042 tradunt
757 1982 878 2043 eandem
890 1981 989 2055 luisse,
1001 1983 1191 2061 quamtotius

136 2067 249 2147 operis:
270 2068 342 2128 adeo
363 2083 469 2127 vesana
484 2066 627 2127 dementia
647 2067 796 2146 quaesisse
815 2067 937 2146 gloriam
955 2066 1111 2146 impendio
1126 2065 1193 2129 nulli

134 2154 306 2230 profuturo,
326 2160 475 2229 praeterea
495 2153 632 2230 fatigasse
645 2154 728 2230 regni
741 2153 835 2226 vires,
854 2159 888 2214 ut
901 2160 1000 2214 umen
1020 2152 1086 2214 laus
1102 2153 1194 2214 maior

137 2235 255 2297 artiliois
269 2242 355 2296 esset.

83 2334 117 2385 94
223 2320 342 2397 Legitur
365 2327 394 2380 et
418 2319 539 2399 pensilis
563 2322 682 2395 hortus,
711 2322 803 2383 immo
830 2341 898 2383 vero
928 2331 1025 2383 totum
1052 2324 1193 2404 oppidum

135 2405 291 2485 Aegyptiae
306 2405 435 2479 Thebae,
450 2405 592 2467 exercitus
608 2414 737 2468 armatos
753 2407 854 2468 subter
868 2408 991 2469 educere
1005 2408 1103 2470 soblis
1119 2410 1192 2489 regi-

135 2491 191 2552 bus
206 2491 285 2552 nullo
307 2490 523 2570 oppidanorum
544 2492 699 2567 sentiente,
714 2493 873 2555 etiamnum
888 2493 946 2553 boc
960 2492 1060 2555 minus
1075 2495 1191 2565 mirum,

136 2595 224 2656 quarn
250 2576 329 2656 quod
355 2576 477 2638 flumine
504 2576 634 2639 medium
665 2577 807 2658 oppidum
839 2578 1034 2640 interfluente.
1064 2579 1149 2652 Quae
1171 2579 1193 2640 si

139 2812 233 2866 Tbeod.
246 2813 287 2880 34,
299 2813 340 2864 83.
354 2812 396 2877 35,
410 2813 467 2865 162.
497 2815 540 2865 Sie
551 2829 638 2865 waren
691 2820 717 2868 et
732 2815 861 2867 denodari
875 2816 979 2867 moduli.
1011 2816 1192 2880 10‚19atm

134 2882 207 2933 lreine
219 2883 394 2946 Eingebornen
406 2899 455 2932 von
467 2883 582 2931 Lemnos.
691 2886 837 2936 cubitorem
848 2888 994 2950 remago‘ntm

103 3009 108 3018 ,
169 2951 211 2999 91.
240 2950 353 3001 Porsina
371 2950 400 3010 2,
421 2950 476 2999 140.
497 2977 529 2985 -
557 2948 636 3015 Itala),
725 2952 766 3001 92.
791 2957 910 3020 petasus,
931 2953 1068 3016 cigentlicb
1083 2953 1191 3018 einllut,

135 3017 209 3068 Dativ
227 3024 290 3067 stati
302 3019 347 3066 des
359 3017 415 3065 Abl.
428 3017 474 3065 mit
485 3016 531 3064 der
541 3016 636 3084 Prdpo-
689 3020 745 3070 bier
756 3037 805 3070 von
819 3022 865 3070 der
876 3021 960 3070 Declre
973 3021 1122 3084 gebrauebt.

63 3113 65 3117 -
135 3084 218 3134 sition.
722 3088 852 3139 Dodonae.
862 3089 904 3138 Bei
911 3090 967 3138 dem
976 3089 1193 3141 beriibmteullra·

169 3150 293 3218 sepultus.
328 3150 371 3199 Bai
394 3148 477 3200 Varro
507 3151 566 3213 ging
595 3152 636 3202 ein
688 3155 732 3206 luel
743 3157 788 3206 des
801 3157 869 3207 Zeus
887 3157 910 3206 in
924 3157 1017 3223 Epirus
1034 3159 1141 3208 standon
1152 3156 1196 3208 aul

112 3240 115 3248 ·
134 3219 273 3285 Hauptsatz
284 3219 389 3283 vorber,
406 3218 453 3266 den
465 3217 503 3268 Pl.
515 3220 635 3270 ausliisst.
689 3226 753 3274 zwei
766 3223 898 3275 Gestellen
916 3226 956 3274 ein
974 3227 1082 3276 cherres
1096 3226 1193 3276 becken

134 3290 217 3340 -sub
229 3316 264 3326 -
277 3288 369 3352 Clusio,
381 3300 420 3335 am
433 3284 513 3335 Fusae
526 3288 570 3336 des
582 3287 635 3337 liii-
689 3294 739 3341 und
759 3293 799 3342 ein
820 3294 928 3343 eberner
946 3290 1035 3344 linabe
1058 3295 1107 3344 mit
1126 3294 1195 3344 einer

135 3358 204 3422 gelo,
233 3356 334 3408 woraul
353 3355 393 3404 die
418 3353 491 3404 Stadt
515 3354 636 3422 Clusium,
690 3359 801 3422 Geissel‚
818 3362 858 3410 die
870 3376 928 3412 vom
940 3360 1034 3412 Winde
1052 3361 1194 3426 bewegtan

132 3427 200 3491 jctzt
212 3426 308 3488 Cbiusi‚
321 3425 391 3486 liegt.
418 3423 488 3471 Aucb
505 3423 575 3472 diese
587 3424 637 3473 Er·
689 3429 734 3477 das
746 3429 842 3478 Becken
856 3429 984 3493 anscblug.

136 3495 245 3557 ziiblung
265 3495 308 3558 ist,
329 3506 403 3541 wcnn
421 3491 489 3540 nicht
505 3492 636 3557 erdicbtet‚
724 3495 766 3545 93.
795 3501 927 3562 qeaese‘ase
945 3514 981 3548 sc.
1001 3497 1142 3549 Porsinam.
1162 3525 1196 3535 —-

136 3564 198 3612 docb
210 3559 489 3633 fabelbalt'nusgemalt.
690 3569 722 3614 ut
732 3593 764 3600 —
778 3571 857 3630 esset,
879 3567 952 3630 „und
972 3567 1086 3616 dennocb
1108 3568 1196 3617 warde

170 3631 307 3696 quadrato,
324 3644 373 3678 von
391 3628 579 3677 reobtwinlrlicb
593 3627 637 3677 be·
691 3632 804 3695 weniger
820 3633 927 3684 Porsina
943 3635 982 3684 als
1004 3635 1051 3684 der
1072 3633 1196 3685 liiinstler

135 3697 370 3750 bauenenSteinen.
691 3702 799 3750 dadurcb
817 3700 967 3763 beriilrmt;“
993 3707 1079 3753 marren
1096 3704 1197 3754 beziebt

169 3771 388 3833 quinquagenam
415 3763 639 3827 Varrogebraucbt
692 3770 743 3818 sicb
756 3768 801 3817 aul
810 3771 1072 3835 quaesisregloriom.

136 3836 191 3884 bier
212 3836 261 3884 und
283 3837 314 3882 im
335 3833 480 3895 Folgendeu
504 3833 637 3882 mebrmals
727 3836 768 3886 94.
790 3837 904 3903 ¹Legitur
920 3855 955 3888 sc.
973 3838 1060 3890 luisse.
1073 3867 1111 3878 -
1130 3839 1198 3908 puori

135 3904 182 3953 den
196 3900 297 3952 Genitiv
310 3908 372 3951 stati
384 3901 587 3952 desllccusativs
598 3902 639 3951 liir
693 3921 728 3954 sc.
746 3906 896 3955 eduxerunt.
924 3907 959 3956 Es
977 3909 1064 3958 bitten
1083 3909 1140 3959 also
1158 3911 1196 3959 die

135 3971 417 4034 dicBazeicbnungdes
431 3969 536 4020 Messes.
567 3969 638 4019 Eheu
692 3971 964 4026 Gewiilbeunterdem
976 3973 1019 4028 Nil
1035 3976 1197 4042 durcbgeben

136 4055 165 4092 so
177 4041 278 4094 Vitrur.
292 4040 316 4107 4,
329 4038 344 4088 3
362 4039 488 4107 triglyphi
502 4039 550 4090 aldi
559 4041 636 4089 oniae
691 4041 801 4092 miissen.
