2566 4576
150 301 192 362 78
287 298 352 350 oss
371 269 604 350 muscarium
623 282 734 348 eodm
751 293 867 371 puro,
879 294 912 346 41
923 290 1013 361 -oa,
1024 295 1079 361 ee).

81 463 130 513 144
150 452 256 514 mortis
275 457 428 513 revocatus
448 449 541 511 alieno
556 447 697 510 beneficio
712 456 816 528 postea
829 447 912 523 vixit,
932 447 1020 509 bonis
1039 447 1111 510 inde
1131 449 1219 513 etiam

151 535 328 598 consecratis
343 555 360 596 a
375 535 481 595 domno
502 552 572 594 suo:
592 540 742 612 tamquam
761 551 867 613 parum
881 540 975 607 esset,
996 532 1128 595 saucium
1142 545 1218 598 reste

149 622 323 684 intortarum
350 619 537 698 expressique
561 636 615 696 per
640 636 727 678 aures
746 617 897 696 sanguinis
916 634 1013 698 poena
1038 627 1143 681 exacta
1162 629 1216 682 est

148 706 291 786 Equidem
306 712 335 766 et
348 702 475 765 Africani
497 701 645 781 sequentis
665 701 816 764 inimicum
836 703 928 763 luism
941 702 1017 764 inter
1036 701 1216 767 calamitates

149 792 290 863 duxerim,
301 790 368 869 ipso
379 786 657 860 testellacedonico,
670 786 813 865 siquidem
826 786 910 848 dixit:
926 786 986 860 „ite
997 785 1058 861 lilii,
1072 788 1216 851 celebrate

149 875 311 954 exsequias,
326 890 487 951 numquam
504 871 574 932 ciris
590 871 710 943 maioris
725 873 814 932 lunus
828 871 998 946 ridebitis;“
1018 879 1048 932 et
1062 873 1125 934 hoc
1137 874 1214 941 dice·

81 969 129 1019 145
151 960 274 1022 latiam
289 956 445 1029 Baliaricis,
461 955 646 1029 Diadematis,
661 956 718 1017 iam
733 956 937 1017 Macedonicus
955 956 1027 1035 ipse
1057 956 1170 1019 Verum
1183 965 1214 1021 ut

149 1045 196 1105 illa
210 1044 273 1104 sola
288 1041 392 1103 iniuria
407 1041 584 1114 aestimetur,
598 1041 664 1119 quis
679 1040 758 1102 hunc
772 1040 836 1102 iure
851 1040 961 1102 lelicem
977 1039 1082 1102 dixerit
1097 1042 1213 1121 peridi-

149 1136 242 1190 tatum
268 1126 305 1187 ad
330 1124 477 1187 libidinem
498 1124 608 1186 inimici
633 1143 688 1185 nec
706 1124 833 1186 Airioani
859 1125 962 1187 saltem
981 1123 1102 1204 perire?
1132 1128 1212 1201 Quor

149 1214 252 1273 hostes
271 1210 375 1271 vicisse
395 1208 466 1270 tanti
486 1207 562 1270 luit?
589 1217 638 1270 aut
657 1228 732 1288 quos
752 1228 814 1271 non
834 1210 964 1271 honores
984 1228 1150 1290 carnisque
1167 1210 1213 1274 illa

150 1316 204 1357 sua
217 1295 351 1356 violentia
367 1295 483 1354 fortuna
494 1293 640 1372 retroegit,
655 1313 709 1374 per
723 1294 849 1355 mediam
861 1294 965 1356 urbem
977 1312 1102 1356 censore
1112 1303 1211 1371 tracto,

150 1415 192 1426 —-
204 1380 312 1442 etenim
324 1379 386 1440 sola
401 1380 472 1439 hacc
487 1378 622 1439 morandi
633 1378 707 1441 ratio
720 1381 823 1453 luerat,
838 1414 880 1424 -
891 1387 983 1441 tracto
995 1374 1211 1460 in'Capitolium

150 1466 229 1539 illud,
245 1465 275 1525 in
287 1465 364 1545 quod
377 1464 563 1543 triumphans
575 1463 639 1542 ipse
650 1465 772 1525 deorum
783 1463 892 1525 exuviis
903 1481 941 1524 ne
952 1464 1083 1544 captivos
1094 1464 1211 1544 quidem

82 1559 130 1610 146
151 1551 195 1612 sic
220 1546 367 1611 traxerat?
396 1548 488 1609 Maius
508 1549 567 1609 hoe
586 1549 680 1609 scelus
701 1548 834 1610 felicitate
854 1556 1011 1609 consecuta
1030 1549 1143 1611 lactum
1162 1556 1210 1624 est,

149 1634 311 1714 periclitato
327 1633 514 1694 Macedonico
530 1633 574 1693 vel
588 1634 677 1694 lunus
700 1640 814 1694 tantum
833 1652 867 1693 ac
880 1633 935 1694 tale
951 1633 1086 1712 perdere,
1104 1635 1138 1695 in
1156 1652 1210 1714 quo

149 1717 399 1798 atriumphalibus
410 1716 508 1778 liberis
520 1724 687 1796 portaretur
696 1717 727 1777 in
738 1736 844 1796 rogum
855 1717 932 1778 velut
941 1717 1085 1797 exsequiis
1097 1736 1211 1798 quoque

148 1805 344 1884 triumphans.
375 1801 460 1863 Nulla
475 1810 519 1862 est
534 1803 667 1881 prolecto
688 1802 780 1862 solida
800 1801 919 1862 felicitas
934 1820 1021 1881 quam
1038 1803 1210 1864 contumelia

150 1889 206 1949 ulla
221 1889 294 1949 vitae
308 1886 431 1965 rumpit,
446 1886 555 1947 nedum
570 1894 657 1947 tanta.
688 1885 775 1959 Quod
790 1894 936 1965 superest,
957 1888 1073 1961 nescio,
1093 1905 1212 1949 mamm

68 2003 83 2018 ··
151 1973 258 2050 gloriae
283 1990 321 2031 an
346 1969 554 2048 indignationis
575 1969 670 2031 dolori
696 1971 813 2031 accedat
839 1970 915 2032 inter
939 1979 984 2032 tot
1002 1971 1135 2035 Metellos
1155 1981 1211 2034 tam

152 2057 322 2116 sceleratam
338 2052 368 2113 C.
384 2054 471 2114 Atinii
488 2051 638 2114 audaciam
653 2072 771 2134 semper
785 2054 879 2116 luisse
893 2055 1024 2117 inultam.

82 2151 130 2201 147
237 2139 272 2199 ln
286 2138 352 2198 divo
373 2157 489 2217 quoque
504 2136 649 2216 Augusto,
669 2157 757 2218 quem
776 2139 911 2201 universa
929 2141 1094 2202 mortalitas
1112 2140 1212 2211 inhac

152 2241 277 2283 censura
290 2232 448 2300 nuncupet,
464 2221 489 2283 si
505 2221 656 2300 diligenter
670 2223 860 2285 aestimentur
874 2234 986 2298 cuncta,
1001 2243 1107 2303 magna
1122 2220 1211 2288 sortis

79 2324 86 2333 ·
151 2309 295 2368 humanae
314 2306 497 2385 reperiantur
516 2308 675 2373 volumina:
700 2308 817 2388 repulsa
841 2309 871 2368 in
892 2309 1060 2388 magisterio
1082 2310 1212 2390 equitum

187 2443 244 2494 144.
257 2446 424 2495 bortis-ert.
438 2443 545 2495 llieraul
551 2445 653 2495 israelite
708 2446 863 2496 ersolricoen.

150 2512 249 2563 Atinius
262 2512 302 2561 die
315 2512 484 2577 Bestimmung
495 2514 541 2564 der
554 2513 598 2563 lex
611 2527 653 2562 sa·
743 2513 812 2575 Quae
823 2542 859 2550 —
867 2513 939 2579 suit,
956 2513 1068 2563 wclclrer
1078 2513 1140 2578 stag
1151 2515 1212 2567 tter

150 2588 231 2646 crata,
254 2581 293 2630 die
314 2579 354 2630 lrei
375 2581 592 2644 der'Einsetzoog
609 2581 653 2631 das
707 2581 802 2632 Fcinde
822 2595 880 2644 wag
900 2582 940 2630 ain
961 2580 1061 2632 solclres
1077 2581 1210 2634 Erlalmitt

149 2649 285 2699 Tribunatu
294 2648 406 2712 gegeben
415 2664 477 2712 war,
488 2666 534 2699 zur
542 2649 653 2700 Anwen·
707 2649 766 2700 auli

149 2720 230 2781 dung,
252 2719 310 2767 dass
327 2721 372 2782 qui
387 2719 495 2767 atlante
509 2717 592 2784 pletis
606 2731 654 2765 ao·
741 2719 852 2768 honoras
865 2730 1014 2782 canaeque,
1029 2716 1211 2785 llendiadys*

149 2789 258 2846 moeret,
272 2785 364 2834 dassen
378 2784 522 2847 Vermdgan
536 2785 592 2833 dem
606 2782 653 2833 Ce-
707 2785 815 2834 honores
832 2799 963 2847 curruum,
980 2783 1077 2847 illino,
1099 2787 1149 2836 trie
1167 2787 1211 2836 dor

149 2851 286 2915 restempel
313 2851 351 2900 als
375 2849 525 2912 lligenthum
554 2849 653 2901 verliel.
707 2850 1211 2916 Triumph,wobeimanimWageol'xhr.

149 2918 219 2966 Daau
227 2916 343 2965 loedorice
352 2930 407 2965 man
418 2932 447 2966 so
456 2917 540 2979 wenig
548 2919 597 2966 wie
607 2933 654 2965 aur
740 2919 848 2969 deorum
859 2922 962 2970 cauam
973 2920 998 2968 io
1009 2919 1065 2969 dem
1073 2920 1212 2985 Praclrlqa-

149 2983 266 3044 Tddtnng
278 2983 348 3032 eines
359 2981 515 3032 Geliohteten
525 2983 595 3032 eines
605 2983 654 3034 Ur·
707 2987 795 3035 wanda
808 2988 852 3036 dcs
866 2987 989 3053 anpiter,
1002 2988 1082 3037 worin
1095 2989 1142 3039 der
1154 2988 1211 3040 Tri·

149 3050 325 3114 tlrcilspruchs.
357 3048 415 3113 Vgl.
437 3050 541 3116 Dionys.
564 3049 588 3112 6,
610 3049 651 3100 89.
706 3055 838 3117 amphator
864 3057 994 3117 eraclias,
1024 3059 1125 3106 waaris
1145 3056 1212 3108 rare

148 3115 400 3179 proeoss.53,1t.
424 3117 544 3167 Metellos
564 3119 652 3168 warde
707 3124 796 3190 optimi
815 3124 927 3172 tuemini
954 3122 1058 3172 Sueten.
1086 3123 1144 3174 Oct
1169 3123 1211 3188 94,

147 3185 203 3234 also
215 3199 304 3247 wegen
321 3185 367 3233 der
379 3182 489 3244 Gewalt,
508 3184 548 3234 dia
566 3199 595 3235 er
611 3200 653 3235 er·
705 3188 774 3240 Iocis
791 3206 814 3241 o.
834 3205 869 3239 m.
892 3195 986 3241 ornatu
1007 3189 1144 3242 decoratur
1158 3191 1210 3242 Lir.

148 3253 223 3303 litteo
232 3254 309 3318 hatte,
319 3253 382 3301 noch
391 3250 508 3302 bestral't.
529 3268 546 3302 a
557 3253 651 3304 hadeu·
707 3256 747 3321 10,
761 3258 784 3306 7.

148 3326 219 3370 tets.
232 3336 257 3370 v.
270 3335 293 3369 a.
303 3320 651 3388 port,wiemcl1rmalsa.ll.
741 3323 798 3374 147.
829 3329 959 3394 nuncupet
980 3354 1016 3362 -
1037 3331 1210 3396 reperiantur.

149 3388 188 3454 26,
202 3389 242 3438 70.
705 3391 774 3441 Cani.
791 3406 874 3458 praes.
891 3394 932 3443 hei
953 3394 1025 3443 einer
1044 3395 1211 3458 gemilderten

181 3458 306 3522 Africani
319 3458 460 3521 sequentis,
482 3457 526 3506 des
540 3456 650 3521 jiiogern
704 3460 874 3525 Belauptnng.
932 3469 938 3475 '

148 3525 238 3591 Scipio,
251 3525 299 3574 wie
315 3524 352 3586 15,
368 3522 423 3572 126.
437 3522 478 3588 33,
494 3524 550 3574 141.
738 3527 877 3592 columma,
890 3528 1095 3593 Umdrelruogen,
1107 3530 1164 3581 also
1176 3550 1211 3573 ιε

181 3596 217 3642 ite
226 3619 261 3628 —
272 3591 402 3654 cademus,
416 3593 477 3641 nach
489 3592 536 3642 der
546 3592 650 3643 Ermor-
704 3596 907 3661 redemtudinae,
927 3598 986 3646 sehr
997 3596 1065 3646 kiihn
1078 3599 1129 3647 uod
1139 3599 1210 3649 diea-

147 3659 214 3722 dung
226 3658 324 3723 Scipios
336 3660 368 3708 im
382 3657 405 3707 J.
421 3658 477 3710 129.
560 3705 564 3711 .
703 3664 811 3727 tcrisch,
832 3664 950 3713 wiihrend
972 3664 1016 3714 das
1036 3663 1115 3715 Wort
1138 3671 1212 3716 sonat

183 3726 239 3775 145.
266 3740 313 3774 nec
324 3753 359 3762 —
369 3726 474 3788 saltorn3
496 3728 566 3778 wire
587 3730 649 3779 noch
705 3731 778 3780 einen
790 3738 924 3782 concretes
938 3730 1101 3794 Gegenstand
1115 3732 1210 3783 bedeu-

146 3792 300 3855 weoigstcns
332 3794 371 3843 cio
400 3794 651 3860 aohtuogs'wiirdiger
702 3799 1210 3863 tet,dcrsicl1drehtodergedrchtwird.

146 3859 226 3909 lleiod
242 3860 291 3909 ihm
307 3861 446 3925 geldhrlicla
467 3879 598 3928 geweaen,
619 3879 648 3913 so
735 3867 972 3931 air-equitumue.
982 3869 1100 3932 petendo.
1115 3866 1210 3918 Ciisars

145 3928 215 3977 wiire
241 3929 295 3978 sein
320 3927 433 3994 Ungliiclr
454 3932 568 3997 weniger
592 3931 650 3981 hart
703 3930 847 3983 Schwaster
880 3934 948 3985 Julia
982 3949 1039 3985 war
1069 3934 1209 3994 (lcumena
