2566 4576
348 328 486 383 nmmo
504 327 876 396 (xxxvt‚s‚1t—1s,rt).
1082 333 1144 396 405

83 484 209 563 eligno‚
231 483 382 546 cardinum
395 483 579 562 singulorum
594 483 721 545 versatili
740 501 885 562 suspensa
904 483 1094 559 libramento,
1114 485 1145 546 in

83 569 190 649 quibus
203 569 336 648 utrisque
361 568 590 631 antemeridiano
616 568 753 631 ludomm
775 569 941 646 spectaculo
966 569 1044 629 edito
1069 570 1146 632 inter

83 673 150 716 sese
162 655 270 715 aversis
282 671 319 713 ne
334 653 456 714 invicem
473 653 677 732 obstreperent
691 671 805 725 scenae,
820 661 940 732 repente
952 653 1145 729 circumactis,

83 748 117 800 ut
137 746 268 812 constat,
290 747 359 817 post
373 738 486 817 primos
502 738 564 798 dics
581 736 668 798 etiam
684 736 852 797 sedentibus
869 737 986 815 aliquis,
1004 738 1144 799 cornibus

81 824 114 884 in
131 842 164 884 se
179 823 351 884 coeuntibus
371 823 494 884 faciebat
514 822 759 901 amphitheatrum
776 820 1024 901 gladiatorumque
1036 823 1146 901 proelia

83 907 196 980 edebat,
202 907 300 986 ipsum
313 908 407 985 magis
414 907 744 985 auctoratumpopulum
751 906 919 966 Romanum
927 907 1144 968 circumferens

85 991 163 1064 Quid
179 993 257 1052 enim
273 991 395 1053 miretur
410 991 534 1070 quisque
549 991 578 1051 in
593 992 652 1052 hoc
665 988 818 1070 primum?
841 991 1024 1051 inventorem
1046 1010 1082 1052 au
1097 991 1145 1052 in·
1168 1007 1216 1058 118

83 1074 227 1138 rentum?
249 1076 390 1137 artificem
405 1093 442 1137 an
458 1073 631 1138 auctorem?
653 1094 758 1137 ausum
770 1075 894 1154 aliquem
910 1076 969 1136 hoc
984 1076 1148 1154 excogitare

84 1179 123 1222 an
138 1157 311 1240 suscipere?
344 1178 456 1239 parere,
472 1157 646 1222 aniubere?
677 1158 774 1239 Super
793 1160 892 1220 omnia
912 1160 965 1220 erit
980 1161 1082 1239 populi
1097 1179 1146 1222 se·
1205 1207 1210 1211 -

85 1246 155 1307 dere
165 1245 228 1306 ausi
243 1246 326 1306 furor
340 1253 399 1305 tam
415 1245 503 1305 infida
519 1244 704 1323 instabilique
719 1244 796 1304 sede.
815 1245 860 1304 En
876 1244 923 1305 hic
934 1252 980 1304 est
993 1245 1039 1305 ille
1053 1254 1147 1307 terra·

84 1348 153 1391 rum
168 1330 261 1391 victor
276 1337 304 1389 et
319 1329 408 1391 totius
421 1329 552 1390 domitor
562 1329 644 1390 urbis
659 1329 709 1408 qui
724 1337 837 1406 gentes,
852 1346 940 1407 regna
953 1329 1067 1402 diribet,
1083 1329 1148 1391 iura

85 1414 192 1475 exteris
205 1414 301 1487 mittit,
313 1415 435 1475 deorum
448 1415 590 1492 q‘uacdam
601 1413 810 1475 immortalium
817 1413 915 1490 generi
928 1413 1058 1473 humano
1073 1432 1145 1492 por-

84 1499 137 1569 tio,
153 1499 184 1558 in
199 1499 335 1560 machina
350 1498 484 1577 pendens
505 1498 584 1558 etad
599 1497 763 1577 periculum
779 1516 866 1557 suum
881 1497 1032 1576 plaudens.
1064 1500 1145 1570 Quae
1168 1508 1216 1558 119

84 1583 365 1645 vilitasanimarum
385 1583 441 1646 ista
466 1591 515 1646 aut
534 1601 608 1661 quae
633 1582 749 1661 querela
775 1582 810 1642 de
831 1579 962 1643 tannis?
998 1582 1146 1654 Quantum

84 1667 155 1731 mali
169 1668 266 1748 potuit
276 1666 419 1729 accidere!
444 1666 560 1728 Hauriri
571 1667 660 1729 urbes
671 1678 767 1729 terrae
778 1666 904 1727 hiatibus
916 1666 1050 1745 publicus
1062 1685 1146 1727 mor·

84 1752 185 1814 talium
201 1752 287 1813 dolor
306 1760 363 1814 est:
385 1771 451 1815 ecce
470 1753 599 1830 populus
615 1746 767 1814 Romanus
787 1751 942 1812 universus
961 1751 1047 1811 veluti
1069 1753 1147 1812 duc-

84 1837 142 1898 bus
157 1837 279 1915 navigiis
298 1837 455 1916 impositus
476 1836 553 1897 binis
574 1835 741 1897 cardinibus
763 1837 926 1897 sustinetur
945 1844 974 1896 et
995 1854 1027 1896 sc
1046 1836 1147 1914 ipsum

85 1922 301 2002 depugnantem
328 1930 441 2000 spectat
465 1921 612 2000 periturus
643 1928 795 1982 momento
823 1920 920 1999 aliquo
950 1919 1056 1981 luxatis
1081 1939 1146 1980 ma-

87 2008 197 2080 chinis,
225 2016 253 2068 et
272 2025 326 2085 per
350 2007 409 2067 hoc
428 2006 577 2084 quaeritur
602 2005 765 2067 tribuniciis
788 2004 977 2065 contionibus
1000 2005 1089 2083 gratia
1113 2012 1147 2064 nt

86 2091 213 2170 pensiles
242 2091 336 2152 trihus
366 2092 490 2170 quatiat,
526 2090 557 2149 in
585 2090 691 2151 rostris
722 2089 792 2168 quid
820 2106 883 2149 non
912 2108 1037 2151 ausurus
1067 2088 1146 2168 apud
1168 2095 1217 2150 tto

643 2272 720 2338 phith.
741 2272 835 2322 cornib.
851 2273 876 2321 in
898 2287 925 2322 se
945 2279 1044 2343 coeunt.
1058 2273 1147 2323 lac.-

642 2340 1146 2459 „ettheldredttltl

642 2423 761 2524 wdhrfiend
771 2475 810 2523 die
820 2475 949 2524 Mascbine
959 2475 1065 2536 gcdrebt
1076 2445 1146 2524 mur-⁷

86 2277 170 2326 riiuurt
179 2291 247 2339 war,
261 2292 289 2328 so
301 2277 460 2341 umgedreht,
479 2275 537 2326 dass
551 2274 587 2324 sie

85 2343 133 2392 mit
148 2343 195 2390 den
213 2343 299 2392 Endon
318 2345 454 2406 (cornibus)
473 2343 526 2394 sich
543 2342 587 2392 be-

86 2407 200 2458 riihrten.
225 2408 337 2471 Aniungs
353 2411 460 2472 geschah
478 2412 531 2461 dies
544 2425 589 2459 na·

85 2474 186 2536 tiirlich‚
200 2474 318 2524 nachdem
327 2477 367 2525 die
377 2476 524 2526 Zuschauer
536 2477 587 2527 sich

86 2540 201 2591 cntlcrnt
221 2542 320 2602 hatten3
348 2543 409 2592 nach
434 2544 480 2592 den
502 2549 588 2593 ersten

86 2608 181 2672 Tagen,
195 2609 233 2658 uls
246 2624 301 2659 mun
315 2611 372 2670 salt,
384 2611 443 2660 dass
456 2610 495 2659 die
508 2610 588 2662 Suchc

86 2693 115 2728 so
129 2677 206 2728 deicht
217 2677 284 2740 ging,
299 2677 397 2727 bliebeu
412 2677 492 2740 cinige
506 2678 587 2729 sitzen

84 2745 135 2795 und
148 2744 242 2794 liessen
255 2745 308 2795 sich
320 2745 365 2794 mit
376 2745 520 2795 umdrchcn.
540 2748 587 2795 Am

84 2812 182 2863 letaten
200 2811 283 2875 Tage,
304 2813 342 2862 als
364 2813 405 2862 die
421 2811 587 2863 Mascbiueria

85 2881 111 2930 in
128 2879 281 2943 Unordnung
299 2880 420 2942 geratbcn
437 2895 504 2943 war,
522 2879 587 2931 hlieb

85 2949 130 2998 das
147 2947 337 3012 Amphitheuter
359 2948 460 3011 stchcn,
483 2962 511 2996 so
529 2948 588 2997 dass

643 2543 686 2607 de,
704 2542 812 2590 sondern
829 2556 857 2591 cs
875 2548 958 2590 setzte
975 2541 1027 2590 sich
1044 2541 1145 2592 anteiri

644 2608 746 2672 Geriist,
760 2610 804 2658 das
816 2608 862 2658 auf
871 2609 942 2658 einer
953 2608 1145 2672 gebrechlichen

642 2676 769 2728 Muscbinc
782 2677 863 2738 ruhte,
876 2677 931 2726 also
944 2676 1021 2726 leicht
1033 2677 1145 2726 einstiir·

642 2760 689 2795 zen
701 2744 803 2792 honnte.
827 2745 989 2795 Auctoratus
1001 2743 1035 2793 ist
1047 2745 1144 2807 cigent-

641 2811 690 2861 lich
714 2814 760 2861 der
783 2810 927 2874 Gladiator,
958 2812 1068 2861 welcher
1093 2813 1145 2862 sich

641 2895 697 2929 zum
709 2876 814 2944 Kampfc
830 2880 974 2942 verdungen
992 2881 1035 2928 but
1048 2879 1145 2942 (Horat.

642 2953 690 2996 sut.
704 2947 728 3010 2,
743 2947 766 3009 7,
780 2946 812 2997 58
825 2947 886 3012 quid
897 2948 994 3014 refert,
1010 2949 1054 2997 uri
1063 2951 1144 3013 tergis

84 3015 126 3067 die
144 3015 246 3065 Biihuen
265 3014 384 3079 Mergens
407 3016 477 3065 dariu
499 3014 588 3078 auige·
634 3015 763 3080 sacroque
783 3017 873 3065 necari
888 3020 1040 3066 auctoratus
1062 3017 1146 3079 eost),

84 3083 203 3146 schlugen
227 3098 313 3132 waren
341 3085 391 3133 und
415 3081 588 3146 Nachmittags

83 3165 286 3214 weggenommen
315 3152 428 3201 worden.
472 3151 508 3201 Ila
527 3151 589 3200 uber

84 3233 134 3266 nun
152 3217 192 3266 die
210 3225 324 3267 crsteren
338 3219 458 3268 einander
476 3235 508 3268 zu
524 3219 587 3269 nabe

82 3299 170 3334 waren
175 3300 214 3333 um
225 3285 288 3334 zwei
297 3285 589 3351 rcdendeSchauspieler

82 3353 234 3402 vernehmen
253 3369 285 3401 zu
300 3353 399 3416 lamen,
418 3361 502 3403 traten
522 3353 586 3404 Ath-

82 3419 153 3470 leten
166 3426 229 3470 stntt
245 3420 290 3469 der
302 3418 479 3488 Schauspielcr
489 3420 539 3470 aui.
552 3447 588 3456 —-

83 3485 130 3537 Die
147 3485 325 3538 Constructicn
344 3489 407 3538 wird
428 3489 504 3537 durch
526 3503 587 3538 ver-

55 3561 57 3568 '
83 3555 217 3604 schiedene
243 3555 360 3607 Ablative
391 3556 492 3605 dunhel⁴
527 3555 586 3606 Man

82 3622 204 3672 verbindc
217 3624 266 3671 und
276 3624 390 3673 erkliire:
404 3625 428 3673 in
438 3623 527 3689 quibus
536 3630 587 3672 utr.

83 3690 131 3740 int.
145 3704 166 3739 s.
178 3704 219 3740 av.
231 3706 254 3740 n.
268 3691 317 3741 inv.
331 3691 414 3742 obstr.
424 3706 501 3754 scen,
514 3698 587 3756 post-

29 3783 33 3794 ·
83 3772 156 3824 quam
167 3758 388 3807 antemeridianum
400 3759 515 3808 ludorum
528 3774 586 3824 spe-

83 3824 210 3888 cuculum,
226 3825 320 3875 editum
337 3832 406 3888 erat,
427 3826 515 3875 iisdem
531 3841 584 3892 rep.

83 3893 243 3942 circumactis
252 3893 288 3943 ita
296 3899 333 3956 ut,
344 3893 408 3942 sicut
418 3899 525 3960 constat,
537 3894 585 3944 uli-

82 3960 126 4028 qui
143 3976 158 4010 c
175 3960 267 4025 populo
289 3961 365 4010 etiam
382 3961 511 4026 sederent,
533 3975 585 4011 am·

280 4225 291 4252 h

641 3083 696 3132 bicr
713 3084 756 3132 das
769 3083 850 3147 Velle,
863 3085 907 3134 das
925 3085 977 3134 sich
996 3085 1057 3132 noch
1075 3085 1147 3133 mehr

642 3150 667 3199 in
678 3148 853 3212 Todesgelahr
862 3152 974 3214 begehen
987 3153 1037 3201 hat.
1061 3151 1144 3201 Eheu-

642 3233 670 3267 rc
688 3215 712 3280 ξ.
733 3216 763 3266 19
776 3217 968 3284 depugnantem
985 3220 1034 3267 und
1052 3217 1077 3282 ᾗ.
1096 3218 1145 3268 1211

641 3285 806 3351 depugnavit.

678 3351 735 3401 118.
758 3351 1008 3419 deorum-portio,
1030 3350 1143 3400 insolam

640 3417 703 3468 Rom
714 3419 764 3468 und
777 3418 823 3467 der
833 3418 911 3469 Senot
923 3419 1027 3482 gdttlich
1040 3419 1144 3468 verehrt

640 3487 754 3536 wurden.

678 3553 734 3603 119.
763 3556 845 3604 tribua
866 3555 995 3620 populum,
1021 3553 1081 3603 weil
1101 3553 1144 3603 die

641 3621 769 3673 Tribunen
793 3623 838 3671 mit
863 3623 911 3671 dau
934 3621 1142 3672 Trihutcornitien

641 3707 673 3741 zu
683 3688 793 3740 schaffen
802 3691 938 3740 hatten-
947 3692 1053 3753 quatiat,
1064 3690 1142 3740 durch

641 3757 1144 3820 dieMaschine‚diesichPl.derrhetori·

641 3827 717 3876 seben
727 3823 846 3887 Flirbung
858 3826 904 3875 der
913 3825 994 3875 Stelle
1006 3827 1105 3888 geruliss
1118 3826 1143 3875 in

640 3892 842 3944 fortwiihrender
854 3892 995 3958 bewegung
1007 3895 1093 3944 denltt.

676 3959 733 4010 120.
755 3962 901 4022 terestres,
918 3977 1009 4012 wovon
1026 3962 1066 4011 die
1084 3960 1143 4012 tn'd.
